%YAML 1.1
%TAG !u! tag:unity3d.com,2011:
--- !u!29 &1
OcclusionCullingSettings:
  m_ObjectHideFlags: 0
  serializedVersion: 2
  m_OcclusionBakeSettings:
    smallestOccluder: 5
    smallestHole: 0.25
    backfaceThreshold: 100
  m_SceneGUID: 00000000000000000000000000000000
  m_OcclusionCullingData: {fileID: 0}
--- !u!104 &2
RenderSettings:
  m_ObjectHideFlags: 0
  serializedVersion: 9
  m_Fog: 0
  m_FogColor: {r: 0.5, g: 0.5, b: 0.5, a: 1}
  m_FogMode: 3
  m_FogDensity: 0.01
  m_LinearFogStart: 0
  m_LinearFogEnd: 300
  m_AmbientSkyColor: {r: 0.212, g: 0.227, b: 0.259, a: 1}
  m_AmbientEquatorColor: {r: 0.114, g: 0.125, b: 0.133, a: 1}
  m_AmbientGroundColor: {r: 0.047, g: 0.043, b: 0.035, a: 1}
  m_AmbientIntensity: 1
  m_AmbientMode: 0
  m_SubtractiveShadowColor: {r: 0.42, g: 0.478, b: 0.627, a: 1}
  m_SkyboxMaterial: {fileID: 10304, guid: 0000000000000000f000000000000000, type: 0}
  m_HaloStrength: 0.5
  m_FlareStrength: 1
  m_FlareFadeSpeed: 3
  m_HaloTexture: {fileID: 0}
  m_SpotCookie: {fileID: 10001, guid: 0000000000000000e000000000000000, type: 0}
  m_DefaultReflectionMode: 0
  m_DefaultReflectionResolution: 128
  m_ReflectionBounces: 1
  m_ReflectionIntensity: 1
  m_CustomReflection: {fileID: 0}
  m_Sun: {fileID: 0}
  m_IndirectSpecularColor: {r: 0, g: 0, b: 0, a: 1}
  m_UseRadianceAmbientProbe: 0
--- !u!157 &3
LightmapSettings:
  m_ObjectHideFlags: 0
  serializedVersion: 11
  m_GIWorkflowMode: 1
  m_GISettings:
    serializedVersion: 2
    m_BounceScale: 1
    m_IndirectOutputScale: 1
    m_AlbedoBoost: 1
    m_EnvironmentLightingMode: 0
    m_EnableBakedLightmaps: 1
    m_EnableRealtimeLightmaps: 0
  m_LightmapEditorSettings:
    serializedVersion: 12
    m_Resolution: 2
    m_BakeResolution: 40
    m_AtlasSize: 1024
    m_AO: 0
    m_AOMaxDistance: 1
    m_CompAOExponent: 1
    m_CompAOExponentDirect: 0
    m_ExtractAmbientOcclusion: 0
    m_Padding: 2
    m_LightmapParameters: {fileID: 0}
    m_LightmapsBakeMode: 1
    m_TextureCompression: 1
    m_FinalGather: 0
    m_FinalGatherFiltering: 1
    m_FinalGatherRayCount: 256
    m_ReflectionCompression: 2
    m_MixedBakeMode: 2
    m_BakeBackend: 1
    m_PVRSampling: 1
    m_PVRDirectSampleCount: 32
    m_PVRSampleCount: 512
    m_PVRBounces: 2
    m_PVREnvironmentSampleCount: 256
    m_PVREnvironmentReferencePointCount: 2048
    m_PVRFilteringMode: 1
    m_PVRDenoiserTypeDirect: 1
    m_PVRDenoiserTypeIndirect: 1
    m_PVRDenoiserTypeAO: 1
    m_PVRFilterTypeDirect: 0
    m_PVRFilterTypeIndirect: 0
    m_PVRFilterTypeAO: 0
    m_PVREnvironmentMIS: 1
    m_PVRCulling: 1
    m_PVRFilteringGaussRadiusDirect: 1
    m_PVRFilteringGaussRadiusIndirect: 5
    m_PVRFilteringGaussRadiusAO: 2
    m_PVRFilteringAtrousPositionSigmaDirect: 0.5
    m_PVRFilteringAtrousPositionSigmaIndirect: 2
    m_PVRFilteringAtrousPositionSigmaAO: 1
    m_ExportTrainingData: 0
    m_TrainingDataDestination: TrainingData
    m_LightProbeSampleCountMultiplier: 4
  m_LightingDataAsset: {fileID: 0}
  m_UseShadowmask: 1
--- !u!196 &4
NavMeshSettings:
  serializedVersion: 2
  m_ObjectHideFlags: 0
  m_BuildSettings:
    serializedVersion: 2
    agentTypeID: 0
    agentRadius: 0.5
    agentHeight: 2
    agentSlope: 45
    agentClimb: 0.4
    ledgeDropHeight: 0
    maxJumpAcrossDistance: 0
    minRegionArea: 2
    manualCellSize: 0
    cellSize: 0.16666667
    manualTileSize: 0
    tileSize: 256
    accuratePlacement: 0
    debug:
      m_Flags: 0
  m_NavMeshData: {fileID: 0}
--- !u!1 &133752555 stripped
GameObject:
  m_CorrespondingSourceObject: {fileID: 6404542147937226748, guid: 917ac82b2ab137f4381a3d8b25ac31ff,
    type: 3}
  m_PrefabInstance: {fileID: 262227422}
  m_PrefabAsset: {fileID: 0}
--- !u!1 &137102530
GameObject:
  m_ObjectHideFlags: 0
  m_CorrespondingSourceObject: {fileID: 0}
  m_PrefabInstance: {fileID: 0}
  m_PrefabAsset: {fileID: 0}
  serializedVersion: 6
  m_Component:
  - component: {fileID: 137102533}
  - component: {fileID: 137102532}
  - component: {fileID: 137102531}
  m_Layer: 0
  m_Name: Main Camera
  m_TagString: MainCamera
  m_Icon: {fileID: 0}
  m_NavMeshLayer: 0
  m_StaticEditorFlags: 0
  m_IsActive: 1
--- !u!81 &137102531
AudioListener:
  m_ObjectHideFlags: 0
  m_CorrespondingSourceObject: {fileID: 0}
  m_PrefabInstance: {fileID: 0}
  m_PrefabAsset: {fileID: 0}
  m_GameObject: {fileID: 137102530}
  m_Enabled: 1
--- !u!20 &137102532
Camera:
  m_ObjectHideFlags: 0
  m_CorrespondingSourceObject: {fileID: 0}
  m_PrefabInstance: {fileID: 0}
  m_PrefabAsset: {fileID: 0}
  m_GameObject: {fileID: 137102530}
  m_Enabled: 1
  serializedVersion: 2
  m_ClearFlags: 2
  m_BackGroundColor: {r: 0.19215687, g: 0.3019608, b: 0.4745098, a: 0}
  m_projectionMatrixMode: 1
  m_GateFitMode: 2
  m_FOVAxisMode: 0
  m_SensorSize: {x: 36, y: 24}
  m_LensShift: {x: 0, y: 0}
  m_FocalLength: 50
  m_NormalizedViewPortRect:
    serializedVersion: 2
    x: 0
    y: 0
    width: 1
    height: 1
  near clip plane: 0.3
  far clip plane: 1000
  field of view: 60
  orthographic: 0
  orthographic size: 5
  m_Depth: -1
  m_CullingMask:
    serializedVersion: 2
    m_Bits: 4294967295
  m_RenderingPath: -1
  m_TargetTexture: {fileID: 0}
  m_TargetDisplay: 0
  m_TargetEye: 3
  m_HDR: 1
  m_AllowMSAA: 1
  m_AllowDynamicResolution: 0
  m_ForceIntoRT: 0
  m_OcclusionCulling: 1
  m_StereoConvergence: 10
  m_StereoSeparation: 0.022
--- !u!4 &137102533
Transform:
  m_ObjectHideFlags: 0
  m_CorrespondingSourceObject: {fileID: 0}
  m_PrefabInstance: {fileID: 0}
  m_PrefabAsset: {fileID: 0}
  m_GameObject: {fileID: 137102530}
  m_LocalRotation: {x: 0, y: 0, z: 0, w: 1}
  m_LocalPosition: {x: 0, y: 1, z: -10}
  m_LocalScale: {x: 1, y: 1, z: 1}
  m_Children: []
  m_Father: {fileID: 0}
  m_RootOrder: 2
  m_LocalEulerAnglesHint: {x: 0, y: 0, z: 0}
--- !u!1 &139584022
GameObject:
  m_ObjectHideFlags: 0
  m_CorrespondingSourceObject: {fileID: 0}
  m_PrefabInstance: {fileID: 0}
  m_PrefabAsset: {fileID: 0}
  serializedVersion: 6
  m_Component:
  - component: {fileID: 139584023}
  - component: {fileID: 139584025}
  - component: {fileID: 139584024}
  m_Layer: 5
  m_Name: NotExpiredDL
  m_TagString: Untagged
  m_Icon: {fileID: 0}
  m_NavMeshLayer: 0
  m_StaticEditorFlags: 0
  m_IsActive: 1
--- !u!224 &139584023
RectTransform:
  m_ObjectHideFlags: 0
  m_CorrespondingSourceObject: {fileID: 0}
  m_PrefabInstance: {fileID: 0}
  m_PrefabAsset: {fileID: 0}
  m_GameObject: {fileID: 139584022}
  m_LocalRotation: {x: 0, y: 0, z: 0, w: 1}
  m_LocalPosition: {x: 0, y: 0, z: 0}
  m_LocalScale: {x: 1, y: 1, z: 1}
  m_Children: []
  m_Father: {fileID: 398699823}
  m_RootOrder: 0
  m_LocalEulerAnglesHint: {x: 0, y: 0, z: 0}
  m_AnchorMin: {x: 0, y: 0}
  m_AnchorMax: {x: 1, y: 1}
  m_AnchoredPosition: {x: 0, y: 0}
  m_SizeDelta: {x: 0, y: 0}
  m_Pivot: {x: 0.5, y: 0.5}
--- !u!114 &139584024
MonoBehaviour:
  m_ObjectHideFlags: 0
  m_CorrespondingSourceObject: {fileID: 0}
  m_PrefabInstance: {fileID: 0}
  m_PrefabAsset: {fileID: 0}
  m_GameObject: {fileID: 139584022}
  m_Enabled: 1
  m_EditorHideFlags: 0
  m_Script: {fileID: 11500000, guid: 5f7201a12d95ffc409449d95f23cf332, type: 3}
  m_Name: 
  m_EditorClassIdentifier: 
  m_Material: {fileID: 0}
  m_Color: {r: 0, g: 0, b: 0, a: 1}
  m_RaycastTarget: 1
  m_OnCullStateChanged:
    m_PersistentCalls:
      m_Calls: []
  m_FontData:
    m_Font: {fileID: 10102, guid: 0000000000000000e000000000000000, type: 0}
    m_FontSize: 14
    m_FontStyle: 0
    m_BestFit: 1
    m_MinSize: 10
    m_MaxSize: 40
    m_Alignment: 1
    m_AlignByGeometry: 0
    m_RichText: 1
    m_HorizontalOverflow: 0
    m_VerticalOverflow: 0
    m_LineSpacing: 1
  m_Text: Licence header is accurate, meets the official layout.
--- !u!222 &139584025
CanvasRenderer:
  m_ObjectHideFlags: 0
  m_CorrespondingSourceObject: {fileID: 0}
  m_PrefabInstance: {fileID: 0}
  m_PrefabAsset: {fileID: 0}
  m_GameObject: {fileID: 139584022}
  m_CullTransparentMesh: 0
--- !u!1 &166872814
GameObject:
  m_ObjectHideFlags: 0
  m_CorrespondingSourceObject: {fileID: 0}
  m_PrefabInstance: {fileID: 0}
  m_PrefabAsset: {fileID: 0}
  serializedVersion: 6
  m_Component:
  - component: {fileID: 166872815}
  - component: {fileID: 166872817}
  - component: {fileID: 166872816}
  m_Layer: 5
  m_Name: DriverLicencePicture
  m_TagString: Untagged
  m_Icon: {fileID: 0}
  m_NavMeshLayer: 0
  m_StaticEditorFlags: 0
  m_IsActive: 1
--- !u!224 &166872815
RectTransform:
  m_ObjectHideFlags: 0
  m_CorrespondingSourceObject: {fileID: 0}
  m_PrefabInstance: {fileID: 0}
  m_PrefabAsset: {fileID: 0}
  m_GameObject: {fileID: 166872814}
  m_LocalRotation: {x: -0, y: -0, z: -0, w: 1}
  m_LocalPosition: {x: 0, y: 0, z: 0}
  m_LocalScale: {x: 1, y: 1, z: 1}
  m_Children:
  - {fileID: 665707860}
  m_Father: {fileID: 2076617175}
  m_RootOrder: 2
  m_LocalEulerAnglesHint: {x: 0, y: 0, z: 0}
  m_AnchorMin: {x: 0, y: 0}
  m_AnchorMax: {x: 1, y: 1}
  m_AnchoredPosition: {x: 296.7, y: 92}
  m_SizeDelta: {x: -1052.8, y: -528}
  m_Pivot: {x: 0.5, y: 0.5}
--- !u!114 &166872816
MonoBehaviour:
  m_ObjectHideFlags: 0
  m_CorrespondingSourceObject: {fileID: 0}
  m_PrefabInstance: {fileID: 0}
  m_PrefabAsset: {fileID: 0}
  m_GameObject: {fileID: 166872814}
  m_Enabled: 1
  m_EditorHideFlags: 0
  m_Script: {fileID: 11500000, guid: fe87c0e1cc204ed48ad3b37840f39efc, type: 3}
  m_Name: 
  m_EditorClassIdentifier: 
  m_Material: {fileID: 0}
  m_Color: {r: 0, g: 0.6806977, b: 1, a: 1}
  m_RaycastTarget: 1
  m_OnCullStateChanged:
    m_PersistentCalls:
      m_Calls: []
  m_Sprite: {fileID: 10907, guid: 0000000000000000f000000000000000, type: 0}
  m_Type: 1
  m_PreserveAspect: 0
  m_FillCenter: 1
  m_FillMethod: 4
  m_FillAmount: 1
  m_FillClockwise: 1
  m_FillOrigin: 0
  m_UseSpriteMesh: 0
  m_PixelsPerUnitMultiplier: 1
--- !u!222 &166872817
CanvasRenderer:
  m_ObjectHideFlags: 0
  m_CorrespondingSourceObject: {fileID: 0}
  m_PrefabInstance: {fileID: 0}
  m_PrefabAsset: {fileID: 0}
  m_GameObject: {fileID: 166872814}
  m_CullTransparentMesh: 0
--- !u!1 &224143556
GameObject:
  m_ObjectHideFlags: 0
  m_CorrespondingSourceObject: {fileID: 0}
  m_PrefabInstance: {fileID: 0}
  m_PrefabAsset: {fileID: 0}
  serializedVersion: 6
  m_Component:
  - component: {fileID: 224143558}
  - component: {fileID: 224143557}
  m_Layer: 0
  m_Name: NPC_Clarrisa
  m_TagString: Untagged
  m_Icon: {fileID: 0}
  m_NavMeshLayer: 0
  m_StaticEditorFlags: 0
  m_IsActive: 1
--- !u!114 &224143557
MonoBehaviour:
  m_ObjectHideFlags: 0
  m_CorrespondingSourceObject: {fileID: 0}
  m_PrefabInstance: {fileID: 0}
  m_PrefabAsset: {fileID: 0}
  m_GameObject: {fileID: 224143556}
  m_Enabled: 1
  m_EditorHideFlags: 0
  m_Script: {fileID: 11500000, guid: b10fe5d6867c1b5449b4bf163fcd72ec, type: 3}
  m_Name: 
  m_EditorClassIdentifier: 
  Set:
  - CurrentId: 7
    NewWindowOpen: 0
    FirstWindow: 0
    Windows:
    - ID: 0
      Size:
        serializedVersion: 2
        x: 99
        y: 103
        width: 150
        height: 125
      Text: 'You: Good evening madam. '
      Type: 0
      NodeType: 0
      Parent: -1
      Trigger: 0
      TriggerText: 
      Connections: 01000000
    - ID: 1
      Size:
        serializedVersion: 2
        x: 304
        y: 103
        width: 150
        height: 125
      Text: 'Random festival goer: Hello Officer! '
      Type: 1
      NodeType: 1
      Parent: 0
      Trigger: 0
      TriggerText: 
      Connections: 02000000
    - ID: 2
      Size:
        serializedVersion: 2
        x: 503
        y: 101
        width: 150
        height: 125
      Text: '[Ask for ID] '
      Type: 2
      NodeType: 1
      Parent: 1
      Trigger: 0
      TriggerText: 
      Connections: 03000000
    - ID: 3
      Size:
        serializedVersion: 2
        x: 702
        y: 101
        width: 150
        height: 125
      Text: 'You: Can I get some identification please? '
      Type: 0
      NodeType: 1
      Parent: 2
      Trigger: 0
      TriggerText: 
      Connections: 04000000
    - ID: 4
      Size:
        serializedVersion: 2
        x: 904
        y: 104
        width: 150
        height: 125
      Text: 'Random festival goer: Of course you can! Here you go!'
      Type: 0
      NodeType: 1
      Parent: 3
      Trigger: 0
      TriggerText: 
      Connections: 05000000
    - ID: 5
      Size:
        serializedVersion: 2
        x: 1101
        y: 103
        width: 150
        height: 125
      Text: 
      Type: 0
      NodeType: 1
      Parent: 4
      Trigger: 1
      TriggerText: ID
      Connections: 06000000
    - ID: 6
      Size:
        serializedVersion: 2
        x: 1302
        y: 101
        width: 150
        height: 125
      Text: 
      Type: 0
      NodeType: 2
      Parent: 5
      Trigger: 1
      TriggerText: closeID
      Connections: 
  - CurrentId: 10
    NewWindowOpen: 0
    FirstWindow: 0
    Windows:
    - ID: 0
      Size:
        serializedVersion: 2
        x: 703
        y: 202
        width: 150
        height: 125
      Text: 'You: Your identification seems to be in good order. '
      Type: 0
      NodeType: 0
      Parent: -1
      Trigger: 0
      TriggerText: 
      Connections: 01000000
    - ID: 1
      Size:
        serializedVersion: 2
        x: 903
        y: 202
        width: 150
        height: 125
      Text: 'Random festival goer: Thats wonderful. '
      Type: 1
      NodeType: 1
      Parent: 0
      Trigger: 0
      TriggerText: 
      Connections: 0200000003000000
    - ID: 2
      Size:
        serializedVersion: 2
        x: 1101
        y: 202
        width: 150
        height: 125
      Text: '[Question further] '
      Type: 2
      NodeType: 1
      Parent: 1
      Trigger: 0
      TriggerText: 
      Connections: 06000000
    - ID: 3
      Size:
        serializedVersion: 2
        x: 902
        y: 403
        width: 150
        height: 125
      Text: '[Nothing else]'
      Type: 2
      NodeType: 1
      Parent: 1
      Trigger: 0
      TriggerText: 
      Connections: 04000000
    - ID: 4
      Size:
        serializedVersion: 2
        x: 1100
        y: 401
        width: 150
        height: 125
      Text: 'You: Have a good night then, madam. Please be careful and drink responsibly. '
      Type: 0
      NodeType: 1
      Parent: 3
      Trigger: 0
      TriggerText: 
      Connections: 05000000
    - ID: 5
      Size:
        serializedVersion: 2
        x: 1302
        y: 402
        width: 150
        height: 125
      Text: 'Random festival goer: Thanks sir! Have a good night, bye! '
      Type: 0
      NodeType: 2
      Parent: 4
      Trigger: 0
      TriggerText: 
      Connections: 
    - ID: 6
      Size:
        serializedVersion: 2
        x: 1301
        y: 202
        width: 150
        height: 125
      Text: 'What would you like to ask about? '
      Type: 1
      NodeType: 1
      Parent: 2
      Trigger: 0
      TriggerText: 
      Connections: 0700000008000000
    - ID: 7
      Size:
        serializedVersion: 2
        x: 1500
        y: 101
        width: 150
        height: 125
      Text: '[Question on bag]'
      Type: 2
      NodeType: 1
      Parent: 6
      Trigger: 0
      TriggerText: 
      Connections: 09000000
    - ID: 8
      Size:
        serializedVersion: 2
        x: 1503
        y: 301
        width: 150
        height: 125
      Text: '[Question of whether she has any narcotics]'
      Type: 2
      NodeType: 2
      Parent: 6
      Trigger: 0
      TriggerText: 
      Connections: 
    - ID: 9
      Size:
        serializedVersion: 2
        x: 1701
        y: 101
        width: 150
        height: 125
      Text: 
      Type: 0
      NodeType: 2
      Parent: 7
      Trigger: 0
      TriggerText: 
      Connections: 
  CurrentSet: 1
  TabList:
  - Starting conversation
  - Second Conversation
--- !u!4 &224143558
Transform:
  m_ObjectHideFlags: 0
  m_CorrespondingSourceObject: {fileID: 0}
  m_PrefabInstance: {fileID: 0}
  m_PrefabAsset: {fileID: 0}
  m_GameObject: {fileID: 224143556}
  m_LocalRotation: {x: 0, y: 0, z: 0, w: 1}
  m_LocalPosition: {x: 568.5321, y: 307.6895, z: -516.5}
  m_LocalScale: {x: 1, y: 1, z: 1}
  m_Children: []
  m_Father: {fileID: 0}
  m_RootOrder: 6
  m_LocalEulerAnglesHint: {x: 0, y: 0, z: 0}
--- !u!1001 &262227422
PrefabInstance:
  m_ObjectHideFlags: 0
  serializedVersion: 2
  m_Modification:
    m_TransformParent: {fileID: 0}
    m_Modifications:
    - target: {fileID: 6404542147711361153, guid: 917ac82b2ab137f4381a3d8b25ac31ff,
        type: 3}
      propertyPath: m_OnClick.m_PersistentCalls.m_Calls.Array.data[0].m_Target
      value: 
      objectReference: {fileID: 882599214}
    - target: {fileID: 6404542147711361153, guid: 917ac82b2ab137f4381a3d8b25ac31ff,
        type: 3}
      propertyPath: m_OnClick.m_PersistentCalls.m_Calls.Array.data[0].m_MethodName
      value: Choice
      objectReference: {fileID: 0}
    - target: {fileID: 6404542147999206116, guid: 917ac82b2ab137f4381a3d8b25ac31ff,
        type: 3}
      propertyPath: m_OnClick.m_PersistentCalls.m_Calls.Array.data[0].m_Target
      value: 
      objectReference: {fileID: 882599214}
    - target: {fileID: 6404542147999206116, guid: 917ac82b2ab137f4381a3d8b25ac31ff,
        type: 3}
      propertyPath: m_OnClick.m_PersistentCalls.m_Calls.Array.data[0].m_MethodName
      value: Choice
      objectReference: {fileID: 0}
    - target: {fileID: 6404542149445525917, guid: 917ac82b2ab137f4381a3d8b25ac31ff,
        type: 3}
      propertyPath: m_OnClick.m_PersistentCalls.m_Calls.Array.data[0].m_Target
      value: 
      objectReference: {fileID: 882599214}
    - target: {fileID: 6404542149445525917, guid: 917ac82b2ab137f4381a3d8b25ac31ff,
        type: 3}
      propertyPath: m_OnClick.m_PersistentCalls.m_Calls.Array.data[0].m_MethodName
      value: Choice
      objectReference: {fileID: 0}
    - target: {fileID: 6404542149485487400, guid: 917ac82b2ab137f4381a3d8b25ac31ff,
        type: 3}
      propertyPath: m_OnClick.m_PersistentCalls.m_Calls.Array.data[0].m_Target
      value: 
      objectReference: {fileID: 882599214}
    - target: {fileID: 6404542149485487400, guid: 917ac82b2ab137f4381a3d8b25ac31ff,
        type: 3}
      propertyPath: m_OnClick.m_PersistentCalls.m_Calls.Array.data[0].m_MethodName
      value: Choice
      objectReference: {fileID: 0}
    - target: {fileID: 8995839274600362971, guid: 917ac82b2ab137f4381a3d8b25ac31ff,
        type: 3}
      propertyPath: m_OnClick.m_PersistentCalls.m_Calls.Array.data[0].m_Target
      value: 
      objectReference: {fileID: 866143479}
    - target: {fileID: 8995839274600362971, guid: 917ac82b2ab137f4381a3d8b25ac31ff,
        type: 3}
      propertyPath: m_OnClick.m_PersistentCalls.m_Calls.Array.data[0].m_MethodName
      value: closeBook
      objectReference: {fileID: 0}
    - target: {fileID: 8995839274608032059, guid: 917ac82b2ab137f4381a3d8b25ac31ff,
        type: 3}
      propertyPath: m_OnClick.m_PersistentCalls.m_Calls.Array.size
      value: 1
      objectReference: {fileID: 0}
    - target: {fileID: 8995839274608032059, guid: 917ac82b2ab137f4381a3d8b25ac31ff,
        type: 3}
      propertyPath: m_OnClick.m_PersistentCalls.m_Calls.Array.data[0].m_Target
      value: 
      objectReference: {fileID: 1410133591}
    - target: {fileID: 8995839274608032059, guid: 917ac82b2ab137f4381a3d8b25ac31ff,
        type: 3}
      propertyPath: m_OnClick.m_PersistentCalls.m_Calls.Array.data[0].m_MethodName
      value: caughtExpired
      objectReference: {fileID: 0}
    - target: {fileID: 8995839274608032059, guid: 917ac82b2ab137f4381a3d8b25ac31ff,
        type: 3}
      propertyPath: m_OnClick.m_PersistentCalls.m_Calls.Array.data[0].m_Arguments.m_ObjectArgumentAssemblyTypeName
      value: UnityEngine.Object, UnityEngine
      objectReference: {fileID: 0}
    - target: {fileID: 8995839274822232814, guid: 917ac82b2ab137f4381a3d8b25ac31ff,
        type: 3}
      propertyPath: m_OnClick.m_PersistentCalls.m_Calls.Array.data[0].m_Target
      value: 
      objectReference: {fileID: 882599214}
    - target: {fileID: 8995839274822232814, guid: 917ac82b2ab137f4381a3d8b25ac31ff,
        type: 3}
      propertyPath: m_OnClick.m_PersistentCalls.m_Calls.Array.data[0].m_MethodName
      value: Choice
      objectReference: {fileID: 0}
    - target: {fileID: 8995839274993512197, guid: 917ac82b2ab137f4381a3d8b25ac31ff,
        type: 3}
      propertyPath: m_OnClick.m_PersistentCalls.m_Calls.Array.data[0].m_Target
      value: 
      objectReference: {fileID: 882599214}
    - target: {fileID: 8995839274993512197, guid: 917ac82b2ab137f4381a3d8b25ac31ff,
        type: 3}
      propertyPath: m_OnClick.m_PersistentCalls.m_Calls.Array.data[0].m_MethodName
      value: Choice
      objectReference: {fileID: 0}
    - target: {fileID: 8995839275010717444, guid: 917ac82b2ab137f4381a3d8b25ac31ff,
        type: 3}
      propertyPath: m_OnClick.m_PersistentCalls.m_Calls.Array.data[0].m_Target
      value: 
      objectReference: {fileID: 1520335162}
    - target: {fileID: 8995839275010717444, guid: 917ac82b2ab137f4381a3d8b25ac31ff,
        type: 3}
      propertyPath: m_OnClick.m_PersistentCalls.m_Calls.Array.data[0].m_MethodName
      value: turningNextPage
      objectReference: {fileID: 0}
    - target: {fileID: 8995839275083059421, guid: 917ac82b2ab137f4381a3d8b25ac31ff,
        type: 3}
      propertyPath: m_Name
      value: MainDialogueCanvas
      objectReference: {fileID: 0}
    - target: {fileID: 8995839275083059425, guid: 917ac82b2ab137f4381a3d8b25ac31ff,
        type: 3}
      propertyPath: m_LocalPosition.x
      value: 0
      objectReference: {fileID: 0}
    - target: {fileID: 8995839275083059425, guid: 917ac82b2ab137f4381a3d8b25ac31ff,
        type: 3}
      propertyPath: m_LocalPosition.y
      value: 0
      objectReference: {fileID: 0}
    - target: {fileID: 8995839275083059425, guid: 917ac82b2ab137f4381a3d8b25ac31ff,
        type: 3}
      propertyPath: m_LocalPosition.z
      value: 0
      objectReference: {fileID: 0}
    - target: {fileID: 8995839275083059425, guid: 917ac82b2ab137f4381a3d8b25ac31ff,
        type: 3}
      propertyPath: m_LocalRotation.x
      value: 0
      objectReference: {fileID: 0}
    - target: {fileID: 8995839275083059425, guid: 917ac82b2ab137f4381a3d8b25ac31ff,
        type: 3}
      propertyPath: m_LocalRotation.y
      value: 0
      objectReference: {fileID: 0}
    - target: {fileID: 8995839275083059425, guid: 917ac82b2ab137f4381a3d8b25ac31ff,
        type: 3}
      propertyPath: m_LocalRotation.z
      value: 0
      objectReference: {fileID: 0}
    - target: {fileID: 8995839275083059425, guid: 917ac82b2ab137f4381a3d8b25ac31ff,
        type: 3}
      propertyPath: m_LocalRotation.w
      value: 1
      objectReference: {fileID: 0}
    - target: {fileID: 8995839275083059425, guid: 917ac82b2ab137f4381a3d8b25ac31ff,
        type: 3}
      propertyPath: m_RootOrder
      value: 2
      objectReference: {fileID: 0}
    - target: {fileID: 8995839275083059425, guid: 917ac82b2ab137f4381a3d8b25ac31ff,
        type: 3}
      propertyPath: m_LocalEulerAnglesHint.x
      value: 0
      objectReference: {fileID: 0}
    - target: {fileID: 8995839275083059425, guid: 917ac82b2ab137f4381a3d8b25ac31ff,
        type: 3}
      propertyPath: m_LocalEulerAnglesHint.y
      value: 0
      objectReference: {fileID: 0}
    - target: {fileID: 8995839275083059425, guid: 917ac82b2ab137f4381a3d8b25ac31ff,
        type: 3}
      propertyPath: m_LocalEulerAnglesHint.z
      value: 0
      objectReference: {fileID: 0}
    - target: {fileID: 8995839275083059425, guid: 917ac82b2ab137f4381a3d8b25ac31ff,
        type: 3}
      propertyPath: m_AnchoredPosition.x
      value: 0
      objectReference: {fileID: 0}
    - target: {fileID: 8995839275083059425, guid: 917ac82b2ab137f4381a3d8b25ac31ff,
        type: 3}
      propertyPath: m_AnchoredPosition.y
      value: 0
      objectReference: {fileID: 0}
    - target: {fileID: 8995839275083059425, guid: 917ac82b2ab137f4381a3d8b25ac31ff,
        type: 3}
      propertyPath: m_SizeDelta.x
      value: 0
      objectReference: {fileID: 0}
    - target: {fileID: 8995839275083059425, guid: 917ac82b2ab137f4381a3d8b25ac31ff,
        type: 3}
      propertyPath: m_SizeDelta.y
      value: 0
      objectReference: {fileID: 0}
    - target: {fileID: 8995839275083059425, guid: 917ac82b2ab137f4381a3d8b25ac31ff,
        type: 3}
      propertyPath: m_AnchorMin.x
      value: 0
      objectReference: {fileID: 0}
    - target: {fileID: 8995839275083059425, guid: 917ac82b2ab137f4381a3d8b25ac31ff,
        type: 3}
      propertyPath: m_AnchorMin.y
      value: 0
      objectReference: {fileID: 0}
    - target: {fileID: 8995839275083059425, guid: 917ac82b2ab137f4381a3d8b25ac31ff,
        type: 3}
      propertyPath: m_AnchorMax.x
      value: 0
      objectReference: {fileID: 0}
    - target: {fileID: 8995839275083059425, guid: 917ac82b2ab137f4381a3d8b25ac31ff,
        type: 3}
      propertyPath: m_AnchorMax.y
      value: 0
      objectReference: {fileID: 0}
    - target: {fileID: 8995839275083059425, guid: 917ac82b2ab137f4381a3d8b25ac31ff,
        type: 3}
      propertyPath: m_Pivot.x
      value: 0
      objectReference: {fileID: 0}
    - target: {fileID: 8995839275083059425, guid: 917ac82b2ab137f4381a3d8b25ac31ff,
        type: 3}
      propertyPath: m_Pivot.y
      value: 0
      objectReference: {fileID: 0}
    - target: {fileID: 8995839275240585485, guid: 917ac82b2ab137f4381a3d8b25ac31ff,
        type: 3}
      propertyPath: m_IsActive
      value: 0
      objectReference: {fileID: 0}
    - target: {fileID: 8995839275291165668, guid: 917ac82b2ab137f4381a3d8b25ac31ff,
        type: 3}
      propertyPath: m_OnClick.m_PersistentCalls.m_Calls.Array.data[0].m_Target
      value: 
      objectReference: {fileID: 866143479}
    - target: {fileID: 8995839275291165668, guid: 917ac82b2ab137f4381a3d8b25ac31ff,
        type: 3}
      propertyPath: m_OnClick.m_PersistentCalls.m_Calls.Array.data[0].m_MethodName
      value: closeBook
      objectReference: {fileID: 0}
    - target: {fileID: 8995839275295637365, guid: 917ac82b2ab137f4381a3d8b25ac31ff,
        type: 3}
      propertyPath: m_IsActive
      value: 0
      objectReference: {fileID: 0}
    - target: {fileID: 8995839275295637367, guid: 917ac82b2ab137f4381a3d8b25ac31ff,
        type: 3}
      propertyPath: closeButton
      value: 
      objectReference: {fileID: 292100983}
    - target: {fileID: 8995839275383791891, guid: 917ac82b2ab137f4381a3d8b25ac31ff,
        type: 3}
      propertyPath: m_IsActive
      value: 1
      objectReference: {fileID: 0}
    - target: {fileID: 8995839275424111477, guid: 917ac82b2ab137f4381a3d8b25ac31ff,
        type: 3}
      propertyPath: m_IsActive
      value: 0
      objectReference: {fileID: 0}
    - target: {fileID: 8995839275465066745, guid: 917ac82b2ab137f4381a3d8b25ac31ff,
        type: 3}
      propertyPath: m_IsActive
      value: 0
      objectReference: {fileID: 0}
    - target: {fileID: 8995839275533751920, guid: 917ac82b2ab137f4381a3d8b25ac31ff,
        type: 3}
      propertyPath: m_OnClick.m_PersistentCalls.m_Calls.Array.data[0].m_Target
      value: 
      objectReference: {fileID: 882599214}
    - target: {fileID: 8995839275533751920, guid: 917ac82b2ab137f4381a3d8b25ac31ff,
        type: 3}
      propertyPath: m_OnClick.m_PersistentCalls.m_Calls.Array.data[0].m_MethodName
      value: Choice
      objectReference: {fileID: 0}
    - target: {fileID: 8995839275558202599, guid: 917ac82b2ab137f4381a3d8b25ac31ff,
        type: 3}
      propertyPath: m_OnClick.m_PersistentCalls.m_Calls.Array.data[0].m_Target
      value: 
      objectReference: {fileID: 866143479}
    - target: {fileID: 8995839275558202599, guid: 917ac82b2ab137f4381a3d8b25ac31ff,
        type: 3}
      propertyPath: m_OnClick.m_PersistentCalls.m_Calls.Array.data[0].m_MethodName
      value: closeBook
      objectReference: {fileID: 0}
    - target: {fileID: 8995839275600457722, guid: 917ac82b2ab137f4381a3d8b25ac31ff,
        type: 3}
      propertyPath: m_OnClick.m_PersistentCalls.m_Calls.Array.data[0].m_Target
      value: 
      objectReference: {fileID: 1520335161}
    - target: {fileID: 8995839275600457722, guid: 917ac82b2ab137f4381a3d8b25ac31ff,
        type: 3}
      propertyPath: m_OnClick.m_PersistentCalls.m_Calls.Array.data[0].m_MethodName
      value: turningNextPage
      objectReference: {fileID: 0}
    - target: {fileID: 8995839275707204784, guid: 917ac82b2ab137f4381a3d8b25ac31ff,
        type: 3}
      propertyPath: m_OnClick.m_PersistentCalls.m_Calls.Array.data[0].m_Target
      value: 
      objectReference: {fileID: 1520335162}
    - target: {fileID: 8995839275707204784, guid: 917ac82b2ab137f4381a3d8b25ac31ff,
        type: 3}
      propertyPath: m_OnClick.m_PersistentCalls.m_Calls.Array.data[0].m_MethodName
      value: turningLastPage
      objectReference: {fileID: 0}
    - target: {fileID: 8995839276092723232, guid: 917ac82b2ab137f4381a3d8b25ac31ff,
        type: 3}
      propertyPath: m_IsActive
      value: 0
      objectReference: {fileID: 0}
    - target: {fileID: 8995839276092723234, guid: 917ac82b2ab137f4381a3d8b25ac31ff,
        type: 3}
      propertyPath: m_OnClick.m_PersistentCalls.m_Calls.Array.size
      value: 1
      objectReference: {fileID: 0}
    - target: {fileID: 8995839276092723234, guid: 917ac82b2ab137f4381a3d8b25ac31ff,
        type: 3}
      propertyPath: m_OnClick.m_PersistentCalls.m_Calls.Array.data[0].m_Target
      value: 
      objectReference: {fileID: 882599214}
    - target: {fileID: 8995839276092723234, guid: 917ac82b2ab137f4381a3d8b25ac31ff,
        type: 3}
      propertyPath: m_OnClick.m_PersistentCalls.m_Calls.Array.data[0].m_MethodName
      value: Choice
      objectReference: {fileID: 0}
    - target: {fileID: 8995839276092723234, guid: 917ac82b2ab137f4381a3d8b25ac31ff,
        type: 3}
      propertyPath: m_OnClick.m_PersistentCalls.m_Calls.Array.data[0].m_Mode
      value: 3
      objectReference: {fileID: 0}
    - target: {fileID: 8995839276092723234, guid: 917ac82b2ab137f4381a3d8b25ac31ff,
        type: 3}
      propertyPath: m_OnClick.m_PersistentCalls.m_Calls.Array.data[0].m_Arguments.m_ObjectArgumentAssemblyTypeName
      value: UnityEngine.Object, UnityEngine
      objectReference: {fileID: 0}
    - target: {fileID: 8995839276138101769, guid: 917ac82b2ab137f4381a3d8b25ac31ff,
        type: 3}
      propertyPath: m_OnClick.m_PersistentCalls.m_Calls.Array.data[0].m_MethodName
      value: turningLastPage
      objectReference: {fileID: 0}
    - target: {fileID: 8995839276138101769, guid: 917ac82b2ab137f4381a3d8b25ac31ff,
        type: 3}
      propertyPath: m_OnClick.m_PersistentCalls.m_Calls.Array.data[0].m_Target
      value: 
      objectReference: {fileID: 1520335161}
    - target: {fileID: 8995839276223266100, guid: 917ac82b2ab137f4381a3d8b25ac31ff,
        type: 3}
      propertyPath: m_IsActive
      value: 0
      objectReference: {fileID: 0}
    - target: {fileID: 8995839276267147270, guid: 917ac82b2ab137f4381a3d8b25ac31ff,
        type: 3}
      propertyPath: m_OnClick.m_PersistentCalls.m_Calls.Array.data[0].m_Target
      value: 
      objectReference: {fileID: 1520335163}
    - target: {fileID: 8995839276267147270, guid: 917ac82b2ab137f4381a3d8b25ac31ff,
        type: 3}
      propertyPath: m_OnClick.m_PersistentCalls.m_Calls.Array.data[0].m_MethodName
      value: turningLastPage
      objectReference: {fileID: 0}
    - target: {fileID: 8995839276398038124, guid: 917ac82b2ab137f4381a3d8b25ac31ff,
        type: 3}
      propertyPath: m_IsActive
      value: 1
      objectReference: {fileID: 0}
    - target: {fileID: 8995839276559819739, guid: 917ac82b2ab137f4381a3d8b25ac31ff,
        type: 3}
      propertyPath: m_OnClick.m_PersistentCalls.m_Calls.Array.data[0].m_Target
      value: 
      objectReference: {fileID: 866143479}
    - target: {fileID: 8995839276559819739, guid: 917ac82b2ab137f4381a3d8b25ac31ff,
        type: 3}
      propertyPath: m_OnClick.m_PersistentCalls.m_Calls.Array.data[0].m_MethodName
      value: OpeningBook
      objectReference: {fileID: 0}
    - target: {fileID: 8995839276580966921, guid: 917ac82b2ab137f4381a3d8b25ac31ff,
        type: 3}
      propertyPath: m_OnClick.m_PersistentCalls.m_Calls.Array.data[0].m_Target
      value: 
      objectReference: {fileID: 866143479}
    - target: {fileID: 8995839276580966921, guid: 917ac82b2ab137f4381a3d8b25ac31ff,
        type: 3}
      propertyPath: m_OnClick.m_PersistentCalls.m_Calls.Array.data[0].m_MethodName
      value: closeBook
      objectReference: {fileID: 0}
    - target: {fileID: 8995839276661222945, guid: 917ac82b2ab137f4381a3d8b25ac31ff,
        type: 3}
      propertyPath: m_OnClick.m_PersistentCalls.m_Calls.Array.data[0].m_Target
      value: 
      objectReference: {fileID: 1520335163}
    - target: {fileID: 8995839276661222945, guid: 917ac82b2ab137f4381a3d8b25ac31ff,
        type: 3}
      propertyPath: m_OnClick.m_PersistentCalls.m_Calls.Array.data[0].m_MethodName
      value: turningNextPage
      objectReference: {fileID: 0}
    - target: {fileID: 8995839276687226425, guid: 917ac82b2ab137f4381a3d8b25ac31ff,
        type: 3}
      propertyPath: m_IsActive
      value: 0
      objectReference: {fileID: 0}
    m_RemovedComponents: []
  m_SourcePrefab: {fileID: 100100000, guid: 917ac82b2ab137f4381a3d8b25ac31ff, type: 3}
--- !u!1 &292100983
GameObject:
  m_ObjectHideFlags: 0
  m_CorrespondingSourceObject: {fileID: 0}
  m_PrefabInstance: {fileID: 0}
  m_PrefabAsset: {fileID: 0}
  serializedVersion: 6
  m_Component:
  - component: {fileID: 292100984}
  m_Layer: 0
  m_Name: NullObject1
  m_TagString: Untagged
  m_Icon: {fileID: 0}
  m_NavMeshLayer: 0
  m_StaticEditorFlags: 0
  m_IsActive: 1
--- !u!4 &292100984
Transform:
  m_ObjectHideFlags: 0
  m_CorrespondingSourceObject: {fileID: 0}
  m_PrefabInstance: {fileID: 0}
  m_PrefabAsset: {fileID: 0}
  m_GameObject: {fileID: 292100983}
  m_LocalRotation: {x: 0, y: 0, z: 0, w: 1}
  m_LocalPosition: {x: 568.5321, y: 307.6895, z: -516.5}
  m_LocalScale: {x: 1, y: 1, z: 1}
  m_Children: []
  m_Father: {fileID: 0}
  m_RootOrder: 7
  m_LocalEulerAnglesHint: {x: 0, y: 0, z: 0}
--- !u!1 &316669331
GameObject:
  m_ObjectHideFlags: 0
  m_CorrespondingSourceObject: {fileID: 0}
  m_PrefabInstance: {fileID: 0}
  m_PrefabAsset: {fileID: 0}
  serializedVersion: 6
  m_Component:
  - component: {fileID: 316669332}
  - component: {fileID: 316669334}
  - component: {fileID: 316669333}
  m_Layer: 5
  m_Name: NPC_NameTag
  m_TagString: Untagged
  m_Icon: {fileID: 0}
  m_NavMeshLayer: 0
  m_StaticEditorFlags: 0
  m_IsActive: 1
--- !u!224 &316669332
RectTransform:
  m_ObjectHideFlags: 0
  m_CorrespondingSourceObject: {fileID: 0}
  m_PrefabInstance: {fileID: 0}
  m_PrefabAsset: {fileID: 0}
  m_GameObject: {fileID: 316669331}
  m_LocalRotation: {x: -0, y: -0, z: -0, w: 1}
  m_LocalPosition: {x: 0, y: 0, z: 0}
  m_LocalScale: {x: 1, y: 1, z: 1}
  m_Children:
  - {fileID: 998218777}
  m_Father: {fileID: 2076617175}
  m_RootOrder: 3
  m_LocalEulerAnglesHint: {x: 0, y: 0, z: 0}
  m_AnchorMin: {x: 0, y: 0}
  m_AnchorMax: {x: 1, y: 1}
  m_AnchoredPosition: {x: -299, y: 144}
  m_SizeDelta: {x: -1052.8, y: -537.7}
  m_Pivot: {x: 0.5, y: 0.5}
--- !u!114 &316669333
MonoBehaviour:
  m_ObjectHideFlags: 0
  m_CorrespondingSourceObject: {fileID: 0}
  m_PrefabInstance: {fileID: 0}
  m_PrefabAsset: {fileID: 0}
  m_GameObject: {fileID: 316669331}
  m_Enabled: 1
  m_EditorHideFlags: 0
  m_Script: {fileID: 11500000, guid: fe87c0e1cc204ed48ad3b37840f39efc, type: 3}
  m_Name: 
  m_EditorClassIdentifier: 
  m_Material: {fileID: 0}
  m_Color: {r: 0, g: 0.6806977, b: 1, a: 1}
  m_RaycastTarget: 1
  m_OnCullStateChanged:
    m_PersistentCalls:
      m_Calls: []
  m_Sprite: {fileID: 10907, guid: 0000000000000000f000000000000000, type: 0}
  m_Type: 1
  m_PreserveAspect: 0
  m_FillCenter: 1
  m_FillMethod: 4
  m_FillAmount: 1
  m_FillClockwise: 1
  m_FillOrigin: 0
  m_UseSpriteMesh: 0
  m_PixelsPerUnitMultiplier: 1
--- !u!222 &316669334
CanvasRenderer:
  m_ObjectHideFlags: 0
  m_CorrespondingSourceObject: {fileID: 0}
  m_PrefabInstance: {fileID: 0}
  m_PrefabAsset: {fileID: 0}
  m_GameObject: {fileID: 316669331}
  m_CullTransparentMesh: 0
--- !u!1 &356336397
GameObject:
  m_ObjectHideFlags: 0
  m_CorrespondingSourceObject: {fileID: 0}
  m_PrefabInstance: {fileID: 0}
  m_PrefabAsset: {fileID: 0}
  serializedVersion: 6
  m_Component:
  - component: {fileID: 356336399}
  - component: {fileID: 356336398}
  m_Layer: 0
  m_Name: TagForLicenceNum
  m_TagString: Untagged
  m_Icon: {fileID: 0}
  m_NavMeshLayer: 0
  m_StaticEditorFlags: 0
  m_IsActive: 1
--- !u!114 &356336398
MonoBehaviour:
  m_ObjectHideFlags: 0
  m_CorrespondingSourceObject: {fileID: 0}
  m_PrefabInstance: {fileID: 0}
  m_PrefabAsset: {fileID: 0}
  m_GameObject: {fileID: 356336397}
  m_Enabled: 1
  m_EditorHideFlags: 0
  m_Script: {fileID: 11500000, guid: ae4e0ce143d841a4285f601e38878334, type: 3}
  m_Name: 
  m_EditorClassIdentifier: 
  LicenceNumTag: {fileID: 1766721068}
--- !u!4 &356336399
Transform:
  m_ObjectHideFlags: 0
  m_CorrespondingSourceObject: {fileID: 0}
  m_PrefabInstance: {fileID: 0}
  m_PrefabAsset: {fileID: 0}
  m_GameObject: {fileID: 356336397}
  m_LocalRotation: {x: 0, y: 0, z: 0, w: 1}
  m_LocalPosition: {x: 0, y: 0, z: 0}
  m_LocalScale: {x: 1, y: 1, z: 1}
  m_Children: []
  m_Father: {fileID: 984303556}
  m_RootOrder: 2
  m_LocalEulerAnglesHint: {x: 0, y: 0, z: 0}
--- !u!1 &398699822
GameObject:
  m_ObjectHideFlags: 0
  m_CorrespondingSourceObject: {fileID: 0}
  m_PrefabInstance: {fileID: 0}
  m_PrefabAsset: {fileID: 0}
  serializedVersion: 6
  m_Component:
  - component: {fileID: 398699823}
  - component: {fileID: 398699825}
  - component: {fileID: 398699824}
  m_Layer: 5
  m_Name: DriverLicencePanel
  m_TagString: Untagged
  m_Icon: {fileID: 0}
  m_NavMeshLayer: 0
  m_StaticEditorFlags: 0
  m_IsActive: 1
--- !u!224 &398699823
RectTransform:
  m_ObjectHideFlags: 0
  m_CorrespondingSourceObject: {fileID: 0}
  m_PrefabInstance: {fileID: 0}
  m_PrefabAsset: {fileID: 0}
  m_GameObject: {fileID: 398699822}
  m_LocalRotation: {x: 0, y: 0, z: 0, w: 1}
  m_LocalPosition: {x: 0, y: 0, z: 0}
  m_LocalScale: {x: 1, y: 1, z: 1}
  m_Children:
  - {fileID: 139584023}
  m_Father: {fileID: 2076617175}
  m_RootOrder: 1
  m_LocalEulerAnglesHint: {x: 0, y: 0, z: 0}
  m_AnchorMin: {x: 0, y: 0}
  m_AnchorMax: {x: 1, y: 1}
  m_AnchoredPosition: {x: 299.1, y: 169.7}
  m_SizeDelta: {x: -1047.9, y: -542.5}
  m_Pivot: {x: 0.5, y: 0.5}
--- !u!114 &398699824
MonoBehaviour:
  m_ObjectHideFlags: 0
  m_CorrespondingSourceObject: {fileID: 0}
  m_PrefabInstance: {fileID: 0}
  m_PrefabAsset: {fileID: 0}
  m_GameObject: {fileID: 398699822}
  m_Enabled: 1
  m_EditorHideFlags: 0
  m_Script: {fileID: 11500000, guid: fe87c0e1cc204ed48ad3b37840f39efc, type: 3}
  m_Name: 
  m_EditorClassIdentifier: 
  m_Material: {fileID: 0}
  m_Color: {r: 0, g: 0.6806977, b: 1, a: 1}
  m_RaycastTarget: 1
  m_OnCullStateChanged:
    m_PersistentCalls:
      m_Calls: []
  m_Sprite: {fileID: 10907, guid: 0000000000000000f000000000000000, type: 0}
  m_Type: 1
  m_PreserveAspect: 0
  m_FillCenter: 1
  m_FillMethod: 4
  m_FillAmount: 1
  m_FillClockwise: 1
  m_FillOrigin: 0
  m_UseSpriteMesh: 0
  m_PixelsPerUnitMultiplier: 1
--- !u!222 &398699825
CanvasRenderer:
  m_ObjectHideFlags: 0
  m_CorrespondingSourceObject: {fileID: 0}
  m_PrefabInstance: {fileID: 0}
  m_PrefabAsset: {fileID: 0}
  m_GameObject: {fileID: 398699822}
  m_CullTransparentMesh: 0
--- !u!114 &404373560 stripped
MonoBehaviour:
  m_CorrespondingSourceObject: {fileID: 6404542148132643487, guid: 917ac82b2ab137f4381a3d8b25ac31ff,
    type: 3}
  m_PrefabInstance: {fileID: 262227422}
  m_PrefabAsset: {fileID: 0}
  m_GameObject: {fileID: 0}
  m_Enabled: 1
  m_EditorHideFlags: 0
  m_Script: {fileID: 11500000, guid: 5f7201a12d95ffc409449d95f23cf332, type: 3}
  m_Name: 
  m_EditorClassIdentifier: 
--- !u!1 &438382531
GameObject:
  m_ObjectHideFlags: 0
  m_CorrespondingSourceObject: {fileID: 0}
  m_PrefabInstance: {fileID: 0}
  m_PrefabAsset: {fileID: 0}
  serializedVersion: 6
  m_Component:
  - component: {fileID: 438382533}
  - component: {fileID: 438382532}
  m_Layer: 0
  m_Name: TagForNPCPicture
  m_TagString: Untagged
  m_Icon: {fileID: 0}
  m_NavMeshLayer: 0
  m_StaticEditorFlags: 0
  m_IsActive: 1
--- !u!114 &438382532
MonoBehaviour:
  m_ObjectHideFlags: 0
  m_CorrespondingSourceObject: {fileID: 0}
  m_PrefabInstance: {fileID: 0}
  m_PrefabAsset: {fileID: 0}
  m_GameObject: {fileID: 438382531}
  m_Enabled: 1
  m_EditorHideFlags: 0
  m_Script: {fileID: 11500000, guid: 36e598e72710fc249927d10207ec8822, type: 3}
  m_Name: 
  m_EditorClassIdentifier: 
  NPCPictureTag: {fileID: 166872814}
--- !u!4 &438382533
Transform:
  m_ObjectHideFlags: 0
  m_CorrespondingSourceObject: {fileID: 0}
  m_PrefabInstance: {fileID: 0}
  m_PrefabAsset: {fileID: 0}
  m_GameObject: {fileID: 438382531}
  m_LocalRotation: {x: 0, y: 0, z: 0, w: 1}
  m_LocalPosition: {x: 0, y: 0, z: 0}
  m_LocalScale: {x: 1, y: 1, z: 1}
  m_Children: []
  m_Father: {fileID: 984303556}
  m_RootOrder: 4
  m_LocalEulerAnglesHint: {x: 0, y: 0, z: 0}
--- !u!1 &489763127
GameObject:
  m_ObjectHideFlags: 0
  m_CorrespondingSourceObject: {fileID: 0}
  m_PrefabInstance: {fileID: 0}
  m_PrefabAsset: {fileID: 0}
  serializedVersion: 6
  m_Component:
  - component: {fileID: 489763130}
  - component: {fileID: 489763129}
  - component: {fileID: 489763128}
  m_Layer: 0
  m_Name: EventSystem
  m_TagString: Untagged
  m_Icon: {fileID: 0}
  m_NavMeshLayer: 0
  m_StaticEditorFlags: 0
  m_IsActive: 1
--- !u!114 &489763128
MonoBehaviour:
  m_ObjectHideFlags: 0
  m_CorrespondingSourceObject: {fileID: 0}
  m_PrefabInstance: {fileID: 0}
  m_PrefabAsset: {fileID: 0}
  m_GameObject: {fileID: 489763127}
  m_Enabled: 1
  m_EditorHideFlags: 0
  m_Script: {fileID: 11500000, guid: 4f231c4fb786f3946a6b90b886c48677, type: 3}
  m_Name: 
  m_EditorClassIdentifier: 
  m_HorizontalAxis: Horizontal
  m_VerticalAxis: Vertical
  m_SubmitButton: Submit
  m_CancelButton: Cancel
  m_InputActionsPerSecond: 10
  m_RepeatDelay: 0.5
  m_ForceModuleActive: 0
--- !u!114 &489763129
MonoBehaviour:
  m_ObjectHideFlags: 0
  m_CorrespondingSourceObject: {fileID: 0}
  m_PrefabInstance: {fileID: 0}
  m_PrefabAsset: {fileID: 0}
  m_GameObject: {fileID: 489763127}
  m_Enabled: 1
  m_EditorHideFlags: 0
  m_Script: {fileID: 11500000, guid: 76c392e42b5098c458856cdf6ecaaaa1, type: 3}
  m_Name: 
  m_EditorClassIdentifier: 
  m_FirstSelected: {fileID: 0}
  m_sendNavigationEvents: 1
  m_DragThreshold: 10
--- !u!4 &489763130
Transform:
  m_ObjectHideFlags: 0
  m_CorrespondingSourceObject: {fileID: 0}
  m_PrefabInstance: {fileID: 0}
  m_PrefabAsset: {fileID: 0}
  m_GameObject: {fileID: 489763127}
  m_LocalRotation: {x: 0, y: 0, z: 0, w: 1}
  m_LocalPosition: {x: 0, y: 0, z: 0}
  m_LocalScale: {x: 1, y: 1, z: 1}
  m_Children: []
  m_Father: {fileID: 0}
  m_RootOrder: 1
  m_LocalEulerAnglesHint: {x: 0, y: 0, z: 0}
--- !u!1 &522041205 stripped
GameObject:
  m_CorrespondingSourceObject: {fileID: 6404542147523647458, guid: 917ac82b2ab137f4381a3d8b25ac31ff,
    type: 3}
  m_PrefabInstance: {fileID: 262227422}
  m_PrefabAsset: {fileID: 0}
--- !u!114 &533635210 stripped
MonoBehaviour:
  m_CorrespondingSourceObject: {fileID: 6404542149524604838, guid: 917ac82b2ab137f4381a3d8b25ac31ff,
    type: 3}
  m_PrefabInstance: {fileID: 262227422}
  m_PrefabAsset: {fileID: 0}
  m_GameObject: {fileID: 0}
  m_Enabled: 1
  m_EditorHideFlags: 0
  m_Script: {fileID: 11500000, guid: 5f7201a12d95ffc409449d95f23cf332, type: 3}
  m_Name: 
  m_EditorClassIdentifier: 
--- !u!1 &548077468
GameObject:
  m_ObjectHideFlags: 0
  m_CorrespondingSourceObject: {fileID: 0}
  m_PrefabInstance: {fileID: 0}
  m_PrefabAsset: {fileID: 0}
  serializedVersion: 6
  m_Component:
  - component: {fileID: 548077469}
  - component: {fileID: 548077471}
  - component: {fileID: 548077470}
  m_Layer: 5
  m_Name: NotExpiredText
  m_TagString: Untagged
  m_Icon: {fileID: 0}
  m_NavMeshLayer: 0
  m_StaticEditorFlags: 0
  m_IsActive: 1
--- !u!224 &548077469
RectTransform:
  m_ObjectHideFlags: 0
  m_CorrespondingSourceObject: {fileID: 0}
  m_PrefabInstance: {fileID: 0}
  m_PrefabAsset: {fileID: 0}
  m_GameObject: {fileID: 548077468}
  m_LocalRotation: {x: 0, y: 0, z: 0, w: 1}
  m_LocalPosition: {x: 0, y: 0, z: 0}
  m_LocalScale: {x: 1, y: 1, z: 1}
  m_Children: []
  m_Father: {fileID: 1275757998}
  m_RootOrder: 0
  m_LocalEulerAnglesHint: {x: 0, y: 0, z: 0}
  m_AnchorMin: {x: 0, y: 0}
  m_AnchorMax: {x: 1, y: 1}
  m_AnchoredPosition: {x: 0, y: 0}
  m_SizeDelta: {x: 0, y: 0}
  m_Pivot: {x: 0.5, y: 0.5}
--- !u!114 &548077470
MonoBehaviour:
  m_ObjectHideFlags: 0
  m_CorrespondingSourceObject: {fileID: 0}
  m_PrefabInstance: {fileID: 0}
  m_PrefabAsset: {fileID: 0}
  m_GameObject: {fileID: 548077468}
  m_Enabled: 1
  m_EditorHideFlags: 0
  m_Script: {fileID: 11500000, guid: 5f7201a12d95ffc409449d95f23cf332, type: 3}
  m_Name: 
  m_EditorClassIdentifier: 
  m_Material: {fileID: 0}
  m_Color: {r: 0, g: 0, b: 0, a: 1}
  m_RaycastTarget: 1
  m_OnCullStateChanged:
    m_PersistentCalls:
      m_Calls: []
  m_FontData:
    m_Font: {fileID: 10102, guid: 0000000000000000e000000000000000, type: 0}
    m_FontSize: 14
    m_FontStyle: 0
    m_BestFit: 1
    m_MinSize: 10
    m_MaxSize: 40
    m_Alignment: 1
    m_AlignByGeometry: 0
    m_RichText: 1
    m_HorizontalOverflow: 0
    m_VerticalOverflow: 0
    m_LineSpacing: 1
  m_Text: There seems to be nothing wrong with this licence. It is in order and within
    date.
--- !u!222 &548077471
CanvasRenderer:
  m_ObjectHideFlags: 0
  m_CorrespondingSourceObject: {fileID: 0}
  m_PrefabInstance: {fileID: 0}
  m_PrefabAsset: {fileID: 0}
  m_GameObject: {fileID: 548077468}
  m_CullTransparentMesh: 0
--- !u!1 &609750544
GameObject:
  m_ObjectHideFlags: 0
  m_CorrespondingSourceObject: {fileID: 0}
  m_PrefabInstance: {fileID: 0}
  m_PrefabAsset: {fileID: 0}
  serializedVersion: 6
  m_Component:
  - component: {fileID: 609750546}
  - component: {fileID: 609750545}
  m_Layer: 0
  m_Name: TagForDLHeader
  m_TagString: Untagged
  m_Icon: {fileID: 0}
  m_NavMeshLayer: 0
  m_StaticEditorFlags: 0
  m_IsActive: 1
--- !u!114 &609750545
MonoBehaviour:
  m_ObjectHideFlags: 0
  m_CorrespondingSourceObject: {fileID: 0}
  m_PrefabInstance: {fileID: 0}
  m_PrefabAsset: {fileID: 0}
  m_GameObject: {fileID: 609750544}
  m_Enabled: 1
  m_EditorHideFlags: 0
  m_Script: {fileID: 11500000, guid: dcec0697386ec534c9674d55852e8244, type: 3}
  m_Name: 
  m_EditorClassIdentifier: 
  DL_HeaderTag: {fileID: 398699822}
--- !u!4 &609750546
Transform:
  m_ObjectHideFlags: 0
  m_CorrespondingSourceObject: {fileID: 0}
  m_PrefabInstance: {fileID: 0}
  m_PrefabAsset: {fileID: 0}
  m_GameObject: {fileID: 609750544}
  m_LocalRotation: {x: 0, y: 0, z: 0, w: 1}
  m_LocalPosition: {x: 0, y: 0, z: 0}
  m_LocalScale: {x: 1, y: 1, z: 1}
  m_Children: []
  m_Father: {fileID: 984303556}
  m_RootOrder: 3
  m_LocalEulerAnglesHint: {x: 0, y: 0, z: 0}
--- !u!1 &665707859
GameObject:
  m_ObjectHideFlags: 0
  m_CorrespondingSourceObject: {fileID: 0}
  m_PrefabInstance: {fileID: 0}
  m_PrefabAsset: {fileID: 0}
  serializedVersion: 6
  m_Component:
  - component: {fileID: 665707860}
  - component: {fileID: 665707862}
  - component: {fileID: 665707861}
  m_Layer: 5
  m_Name: PictureText
  m_TagString: Untagged
  m_Icon: {fileID: 0}
  m_NavMeshLayer: 0
  m_StaticEditorFlags: 0
  m_IsActive: 1
--- !u!224 &665707860
RectTransform:
  m_ObjectHideFlags: 0
  m_CorrespondingSourceObject: {fileID: 0}
  m_PrefabInstance: {fileID: 0}
  m_PrefabAsset: {fileID: 0}
  m_GameObject: {fileID: 665707859}
  m_LocalRotation: {x: 0, y: 0, z: 0, w: 1}
  m_LocalPosition: {x: 0, y: 0, z: 0}
  m_LocalScale: {x: 1, y: 1, z: 1}
  m_Children: []
  m_Father: {fileID: 166872815}
  m_RootOrder: 0
  m_LocalEulerAnglesHint: {x: 0, y: 0, z: 0}
  m_AnchorMin: {x: 0, y: 0}
  m_AnchorMax: {x: 1, y: 1}
  m_AnchoredPosition: {x: 0, y: 0}
  m_SizeDelta: {x: 0, y: 0}
  m_Pivot: {x: 0.5, y: 0.5}
--- !u!114 &665707861
MonoBehaviour:
  m_ObjectHideFlags: 0
  m_CorrespondingSourceObject: {fileID: 0}
  m_PrefabInstance: {fileID: 0}
  m_PrefabAsset: {fileID: 0}
  m_GameObject: {fileID: 665707859}
  m_Enabled: 1
  m_EditorHideFlags: 0
  m_Script: {fileID: 11500000, guid: 5f7201a12d95ffc409449d95f23cf332, type: 3}
  m_Name: 
  m_EditorClassIdentifier: 
  m_Material: {fileID: 0}
  m_Color: {r: 0, g: 0, b: 0, a: 1}
  m_RaycastTarget: 1
  m_OnCullStateChanged:
    m_PersistentCalls:
      m_Calls: []
  m_FontData:
    m_Font: {fileID: 10102, guid: 0000000000000000e000000000000000, type: 0}
    m_FontSize: 14
    m_FontStyle: 0
    m_BestFit: 1
    m_MinSize: 10
    m_MaxSize: 40
    m_Alignment: 1
    m_AlignByGeometry: 0
    m_RichText: 1
    m_HorizontalOverflow: 0
    m_VerticalOverflow: 0
    m_LineSpacing: 1
  m_Text: Picture looks accurate with the person in front of you.
--- !u!222 &665707862
CanvasRenderer:
  m_ObjectHideFlags: 0
  m_CorrespondingSourceObject: {fileID: 0}
  m_PrefabInstance: {fileID: 0}
  m_PrefabAsset: {fileID: 0}
  m_GameObject: {fileID: 665707859}
  m_CullTransparentMesh: 0
--- !u!114 &866143479 stripped
MonoBehaviour:
  m_CorrespondingSourceObject: {fileID: 1110298918608694711, guid: 626458883971ca54c945cd5cbbb6ddfe,
    type: 3}
  m_PrefabInstance: {fileID: 1520335160}
  m_PrefabAsset: {fileID: 0}
  m_GameObject: {fileID: 0}
  m_Enabled: 1
  m_EditorHideFlags: 0
  m_Script: {fileID: 11500000, guid: 103a0d0d00c634641a1addef9b1554cf, type: 3}
  m_Name: 
  m_EditorClassIdentifier: 
--- !u!114 &882599214 stripped
MonoBehaviour:
  m_CorrespondingSourceObject: {fileID: 8370821800613100340, guid: d5626ad612da38d48a1ccb878b2fed6d,
    type: 3}
  m_PrefabInstance: {fileID: 1255672003}
  m_PrefabAsset: {fileID: 0}
  m_GameObject: {fileID: 0}
  m_Enabled: 1
  m_EditorHideFlags: 0
  m_Script: {fileID: 11500000, guid: 9b682827a679efa448de5d8be7b5d666, type: 3}
  m_Name: 
  m_EditorClassIdentifier: 
--- !u!114 &955528331 stripped
MonoBehaviour:
  m_CorrespondingSourceObject: {fileID: 6404542148032947918, guid: 917ac82b2ab137f4381a3d8b25ac31ff,
    type: 3}
  m_PrefabInstance: {fileID: 262227422}
  m_PrefabAsset: {fileID: 0}
  m_GameObject: {fileID: 0}
  m_Enabled: 1
  m_EditorHideFlags: 0
  m_Script: {fileID: 11500000, guid: 5f7201a12d95ffc409449d95f23cf332, type: 3}
  m_Name: 
  m_EditorClassIdentifier: 
--- !u!1 &984303555
GameObject:
  m_ObjectHideFlags: 0
  m_CorrespondingSourceObject: {fileID: 0}
  m_PrefabInstance: {fileID: 0}
  m_PrefabAsset: {fileID: 0}
  serializedVersion: 6
  m_Component:
  - component: {fileID: 984303556}
  m_Layer: 0
  m_Name: TagsforID
  m_TagString: Untagged
  m_Icon: {fileID: 0}
  m_NavMeshLayer: 0
  m_StaticEditorFlags: 0
  m_IsActive: 1
--- !u!4 &984303556
Transform:
  m_ObjectHideFlags: 0
  m_CorrespondingSourceObject: {fileID: 0}
  m_PrefabInstance: {fileID: 0}
  m_PrefabAsset: {fileID: 0}
  m_GameObject: {fileID: 984303555}
  m_LocalRotation: {x: 0, y: 0, z: 0, w: 1}
  m_LocalPosition: {x: 645.66754, y: 281.40604, z: -181.5}
  m_LocalScale: {x: 1, y: 1, z: 1}
  m_Children:
  - {fileID: 1200328035}
  - {fileID: 1226342779}
  - {fileID: 356336399}
  - {fileID: 609750546}
  - {fileID: 438382533}
  - {fileID: 1410133590}
  m_Father: {fileID: 0}
  m_RootOrder: 9
  m_LocalEulerAnglesHint: {x: 0, y: 0, z: 0}
--- !u!1 &989427755
GameObject:
  m_ObjectHideFlags: 0
  m_CorrespondingSourceObject: {fileID: 0}
  m_PrefabInstance: {fileID: 0}
  m_PrefabAsset: {fileID: 0}
  serializedVersion: 6
  m_Component:
  - component: {fileID: 989427756}
  m_Layer: 0
  m_Name: MiscStuff
  m_TagString: Untagged
  m_Icon: {fileID: 0}
  m_NavMeshLayer: 0
  m_StaticEditorFlags: 0
  m_IsActive: 1
--- !u!4 &989427756
Transform:
  m_ObjectHideFlags: 0
  m_CorrespondingSourceObject: {fileID: 0}
  m_PrefabInstance: {fileID: 0}
  m_PrefabAsset: {fileID: 0}
  m_GameObject: {fileID: 989427755}
  m_LocalRotation: {x: 0, y: 0, z: 0, w: 1}
  m_LocalPosition: {x: 586.5537, y: 281.93274, z: -519.8248}
  m_LocalScale: {x: 1, y: 1, z: 1}
  m_Children:
  - {fileID: 2076617175}
  m_Father: {fileID: 0}
  m_RootOrder: 8
  m_LocalEulerAnglesHint: {x: 0, y: 0, z: 0}
--- !u!1 &998218776
GameObject:
  m_ObjectHideFlags: 0
  m_CorrespondingSourceObject: {fileID: 0}
  m_PrefabInstance: {fileID: 0}
  m_PrefabAsset: {fileID: 0}
  serializedVersion: 6
  m_Component:
  - component: {fileID: 998218777}
  - component: {fileID: 998218779}
  - component: {fileID: 998218778}
  m_Layer: 5
  m_Name: NameTagText
  m_TagString: Untagged
  m_Icon: {fileID: 0}
  m_NavMeshLayer: 0
  m_StaticEditorFlags: 0
  m_IsActive: 1
--- !u!224 &998218777
RectTransform:
  m_ObjectHideFlags: 0
  m_CorrespondingSourceObject: {fileID: 0}
  m_PrefabInstance: {fileID: 0}
  m_PrefabAsset: {fileID: 0}
  m_GameObject: {fileID: 998218776}
  m_LocalRotation: {x: 0, y: 0, z: 0, w: 1}
  m_LocalPosition: {x: 0, y: 0, z: 0}
  m_LocalScale: {x: 1, y: 1, z: 1}
  m_Children: []
  m_Father: {fileID: 316669332}
  m_RootOrder: 0
  m_LocalEulerAnglesHint: {x: 0, y: 0, z: 0}
  m_AnchorMin: {x: 0, y: 0}
  m_AnchorMax: {x: 1, y: 1}
  m_AnchoredPosition: {x: 0, y: 0}
  m_SizeDelta: {x: 0, y: 0}
  m_Pivot: {x: 0.5, y: 0.5}
--- !u!114 &998218778
MonoBehaviour:
  m_ObjectHideFlags: 0
  m_CorrespondingSourceObject: {fileID: 0}
  m_PrefabInstance: {fileID: 0}
  m_PrefabAsset: {fileID: 0}
  m_GameObject: {fileID: 998218776}
  m_Enabled: 1
  m_EditorHideFlags: 0
  m_Script: {fileID: 11500000, guid: 5f7201a12d95ffc409449d95f23cf332, type: 3}
  m_Name: 
  m_EditorClassIdentifier: 
  m_Material: {fileID: 0}
  m_Color: {r: 0, g: 0, b: 0, a: 1}
  m_RaycastTarget: 1
  m_OnCullStateChanged:
    m_PersistentCalls:
      m_Calls: []
  m_FontData:
    m_Font: {fileID: 10102, guid: 0000000000000000e000000000000000, type: 0}
    m_FontSize: 14
    m_FontStyle: 0
    m_BestFit: 1
    m_MinSize: 10
    m_MaxSize: 40
    m_Alignment: 1
    m_AlignByGeometry: 0
    m_RichText: 1
    m_HorizontalOverflow: 0
    m_VerticalOverflow: 0
    m_LineSpacing: 1
  m_Text: The given name does not seem fake or out of the ordinary.
--- !u!222 &998218779
CanvasRenderer:
  m_ObjectHideFlags: 0
  m_CorrespondingSourceObject: {fileID: 0}
  m_PrefabInstance: {fileID: 0}
  m_PrefabAsset: {fileID: 0}
  m_GameObject: {fileID: 998218776}
  m_CullTransparentMesh: 0
--- !u!1 &1019720804
GameObject:
  m_ObjectHideFlags: 0
  m_CorrespondingSourceObject: {fileID: 0}
  m_PrefabInstance: {fileID: 0}
  m_PrefabAsset: {fileID: 0}
  serializedVersion: 6
  m_Component:
  - component: {fileID: 1019720805}
  - component: {fileID: 1019720807}
  - component: {fileID: 1019720806}
  m_Layer: 5
  m_Name: AddressTag
  m_TagString: Untagged
  m_Icon: {fileID: 0}
  m_NavMeshLayer: 0
  m_StaticEditorFlags: 0
  m_IsActive: 1
--- !u!224 &1019720805
RectTransform:
  m_ObjectHideFlags: 0
  m_CorrespondingSourceObject: {fileID: 0}
  m_PrefabInstance: {fileID: 0}
  m_PrefabAsset: {fileID: 0}
  m_GameObject: {fileID: 1019720804}
  m_LocalRotation: {x: -0, y: -0, z: -0, w: 1}
  m_LocalPosition: {x: 0, y: 0, z: 0}
  m_LocalScale: {x: 1, y: 1, z: 1}
  m_Children:
  - {fileID: 1659346589}
  m_Father: {fileID: 2076617175}
  m_RootOrder: 4
  m_LocalEulerAnglesHint: {x: 0, y: 0, z: 0}
  m_AnchorMin: {x: 0, y: 0}
  m_AnchorMax: {x: 1, y: 1}
  m_AnchoredPosition: {x: -299, y: 77}
  m_SizeDelta: {x: -1052.8, y: -540.75}
  m_Pivot: {x: 0.5, y: 0.5}
--- !u!114 &1019720806
MonoBehaviour:
  m_ObjectHideFlags: 0
  m_CorrespondingSourceObject: {fileID: 0}
  m_PrefabInstance: {fileID: 0}
  m_PrefabAsset: {fileID: 0}
  m_GameObject: {fileID: 1019720804}
  m_Enabled: 1
  m_EditorHideFlags: 0
  m_Script: {fileID: 11500000, guid: fe87c0e1cc204ed48ad3b37840f39efc, type: 3}
  m_Name: 
  m_EditorClassIdentifier: 
  m_Material: {fileID: 0}
  m_Color: {r: 0, g: 0.6806977, b: 1, a: 1}
  m_RaycastTarget: 1
  m_OnCullStateChanged:
    m_PersistentCalls:
      m_Calls: []
  m_Sprite: {fileID: 10907, guid: 0000000000000000f000000000000000, type: 0}
  m_Type: 1
  m_PreserveAspect: 0
  m_FillCenter: 1
  m_FillMethod: 4
  m_FillAmount: 1
  m_FillClockwise: 1
  m_FillOrigin: 0
  m_UseSpriteMesh: 0
  m_PixelsPerUnitMultiplier: 1
--- !u!222 &1019720807
CanvasRenderer:
  m_ObjectHideFlags: 0
  m_CorrespondingSourceObject: {fileID: 0}
  m_PrefabInstance: {fileID: 0}
  m_PrefabAsset: {fileID: 0}
  m_GameObject: {fileID: 1019720804}
  m_CullTransparentMesh: 0
--- !u!1 &1200328033
GameObject:
  m_ObjectHideFlags: 0
  m_CorrespondingSourceObject: {fileID: 0}
  m_PrefabInstance: {fileID: 0}
  m_PrefabAsset: {fileID: 0}
  serializedVersion: 6
  m_Component:
  - component: {fileID: 1200328035}
  - component: {fileID: 1200328034}
  m_Layer: 0
  m_Name: TagForAddress
  m_TagString: Untagged
  m_Icon: {fileID: 0}
  m_NavMeshLayer: 0
  m_StaticEditorFlags: 0
  m_IsActive: 1
--- !u!114 &1200328034
MonoBehaviour:
  m_ObjectHideFlags: 0
  m_CorrespondingSourceObject: {fileID: 0}
  m_PrefabInstance: {fileID: 0}
  m_PrefabAsset: {fileID: 0}
  m_GameObject: {fileID: 1200328033}
  m_Enabled: 1
  m_EditorHideFlags: 0
  m_Script: {fileID: 11500000, guid: b98654f7fb36e88459af826da2c69480, type: 3}
  m_Name: 
  m_EditorClassIdentifier: 
  AddressTag: {fileID: 1019720804}
--- !u!4 &1200328035
Transform:
  m_ObjectHideFlags: 0
  m_CorrespondingSourceObject: {fileID: 0}
  m_PrefabInstance: {fileID: 0}
  m_PrefabAsset: {fileID: 0}
  m_GameObject: {fileID: 1200328033}
  m_LocalRotation: {x: 0, y: 0, z: 0, w: 1}
  m_LocalPosition: {x: 0, y: 0, z: 0}
  m_LocalScale: {x: 1, y: 1, z: 1}
  m_Children: []
  m_Father: {fileID: 984303556}
  m_RootOrder: 0
  m_LocalEulerAnglesHint: {x: 0, y: 0, z: 0}
--- !u!1 &1226342777
GameObject:
  m_ObjectHideFlags: 0
  m_CorrespondingSourceObject: {fileID: 0}
  m_PrefabInstance: {fileID: 0}
  m_PrefabAsset: {fileID: 0}
  serializedVersion: 6
  m_Component:
  - component: {fileID: 1226342779}
  - component: {fileID: 1226342778}
  m_Layer: 0
  m_Name: TagForNPCName
  m_TagString: Untagged
  m_Icon: {fileID: 0}
  m_NavMeshLayer: 0
  m_StaticEditorFlags: 0
  m_IsActive: 1
--- !u!114 &1226342778
MonoBehaviour:
  m_ObjectHideFlags: 0
  m_CorrespondingSourceObject: {fileID: 0}
  m_PrefabInstance: {fileID: 0}
  m_PrefabAsset: {fileID: 0}
  m_GameObject: {fileID: 1226342777}
  m_Enabled: 1
  m_EditorHideFlags: 0
  m_Script: {fileID: 11500000, guid: 49758d037beb4484da92f35f5d15f9ed, type: 3}
  m_Name: 
  m_EditorClassIdentifier: 
  NPCNameTag: {fileID: 316669331}
--- !u!4 &1226342779
Transform:
  m_ObjectHideFlags: 0
  m_CorrespondingSourceObject: {fileID: 0}
  m_PrefabInstance: {fileID: 0}
  m_PrefabAsset: {fileID: 0}
  m_GameObject: {fileID: 1226342777}
  m_LocalRotation: {x: 0, y: 0, z: 0, w: 1}
  m_LocalPosition: {x: 0, y: 0, z: 0}
  m_LocalScale: {x: 1, y: 1, z: 1}
  m_Children: []
  m_Father: {fileID: 984303556}
  m_RootOrder: 1
  m_LocalEulerAnglesHint: {x: 0, y: 0, z: 0}
--- !u!1001 &1255672003
PrefabInstance:
  m_ObjectHideFlags: 0
  serializedVersion: 2
  m_Modification:
    m_TransformParent: {fileID: 0}
    m_Modifications:
    - target: {fileID: 8370821800613100328, guid: d5626ad612da38d48a1ccb878b2fed6d,
        type: 3}
      propertyPath: m_LocalPosition.x
      value: 0
      objectReference: {fileID: 0}
    - target: {fileID: 8370821800613100328, guid: d5626ad612da38d48a1ccb878b2fed6d,
        type: 3}
      propertyPath: m_LocalPosition.y
      value: 0
      objectReference: {fileID: 0}
    - target: {fileID: 8370821800613100328, guid: d5626ad612da38d48a1ccb878b2fed6d,
        type: 3}
      propertyPath: m_LocalPosition.z
      value: 0
      objectReference: {fileID: 0}
    - target: {fileID: 8370821800613100328, guid: d5626ad612da38d48a1ccb878b2fed6d,
        type: 3}
      propertyPath: m_LocalRotation.x
      value: 0
      objectReference: {fileID: 0}
    - target: {fileID: 8370821800613100328, guid: d5626ad612da38d48a1ccb878b2fed6d,
        type: 3}
      propertyPath: m_LocalRotation.y
      value: 0
      objectReference: {fileID: 0}
    - target: {fileID: 8370821800613100328, guid: d5626ad612da38d48a1ccb878b2fed6d,
        type: 3}
      propertyPath: m_LocalRotation.z
      value: 0
      objectReference: {fileID: 0}
    - target: {fileID: 8370821800613100328, guid: d5626ad612da38d48a1ccb878b2fed6d,
        type: 3}
      propertyPath: m_LocalRotation.w
      value: 1
      objectReference: {fileID: 0}
    - target: {fileID: 8370821800613100328, guid: d5626ad612da38d48a1ccb878b2fed6d,
        type: 3}
      propertyPath: m_RootOrder
      value: 3
      objectReference: {fileID: 0}
    - target: {fileID: 8370821800613100328, guid: d5626ad612da38d48a1ccb878b2fed6d,
        type: 3}
      propertyPath: m_LocalEulerAnglesHint.x
      value: 0
      objectReference: {fileID: 0}
    - target: {fileID: 8370821800613100328, guid: d5626ad612da38d48a1ccb878b2fed6d,
        type: 3}
      propertyPath: m_LocalEulerAnglesHint.y
      value: 0
      objectReference: {fileID: 0}
    - target: {fileID: 8370821800613100328, guid: d5626ad612da38d48a1ccb878b2fed6d,
        type: 3}
      propertyPath: m_LocalEulerAnglesHint.z
      value: 0
      objectReference: {fileID: 0}
    - target: {fileID: 8370821800613100328, guid: d5626ad612da38d48a1ccb878b2fed6d,
        type: 3}
      propertyPath: m_AnchoredPosition.x
      value: 0
      objectReference: {fileID: 0}
    - target: {fileID: 8370821800613100328, guid: d5626ad612da38d48a1ccb878b2fed6d,
        type: 3}
      propertyPath: m_AnchoredPosition.y
      value: 0
      objectReference: {fileID: 0}
    - target: {fileID: 8370821800613100328, guid: d5626ad612da38d48a1ccb878b2fed6d,
        type: 3}
      propertyPath: m_SizeDelta.x
      value: 0
      objectReference: {fileID: 0}
    - target: {fileID: 8370821800613100328, guid: d5626ad612da38d48a1ccb878b2fed6d,
        type: 3}
      propertyPath: m_SizeDelta.y
      value: 0
      objectReference: {fileID: 0}
    - target: {fileID: 8370821800613100328, guid: d5626ad612da38d48a1ccb878b2fed6d,
        type: 3}
      propertyPath: m_AnchorMin.x
      value: 0
      objectReference: {fileID: 0}
    - target: {fileID: 8370821800613100328, guid: d5626ad612da38d48a1ccb878b2fed6d,
        type: 3}
      propertyPath: m_AnchorMin.y
      value: 0
      objectReference: {fileID: 0}
    - target: {fileID: 8370821800613100328, guid: d5626ad612da38d48a1ccb878b2fed6d,
        type: 3}
      propertyPath: m_AnchorMax.x
      value: 0
      objectReference: {fileID: 0}
    - target: {fileID: 8370821800613100328, guid: d5626ad612da38d48a1ccb878b2fed6d,
        type: 3}
      propertyPath: m_AnchorMax.y
      value: 0
      objectReference: {fileID: 0}
    - target: {fileID: 8370821800613100328, guid: d5626ad612da38d48a1ccb878b2fed6d,
        type: 3}
      propertyPath: m_Pivot.x
      value: 0
      objectReference: {fileID: 0}
    - target: {fileID: 8370821800613100328, guid: d5626ad612da38d48a1ccb878b2fed6d,
        type: 3}
      propertyPath: m_Pivot.y
      value: 0
      objectReference: {fileID: 0}
    - target: {fileID: 8370821800613100340, guid: d5626ad612da38d48a1ccb878b2fed6d,
        type: 3}
      propertyPath: treeNames.Array.size
      value: 2
      objectReference: {fileID: 0}
    - target: {fileID: 8370821800613100340, guid: d5626ad612da38d48a1ccb878b2fed6d,
        type: 3}
      propertyPath: npc
      value: 
      objectReference: {fileID: 224143557}
    - target: {fileID: 8370821800613100340, guid: d5626ad612da38d48a1ccb878b2fed6d,
        type: 3}
      propertyPath: dialogueText
      value: 
      objectReference: {fileID: 955528331}
    - target: {fileID: 8370821800613100340, guid: d5626ad612da38d48a1ccb878b2fed6d,
        type: 3}
      propertyPath: leftText
      value: 
      objectReference: {fileID: 404373560}
    - target: {fileID: 8370821800613100340, guid: d5626ad612da38d48a1ccb878b2fed6d,
        type: 3}
      propertyPath: rightText
      value: 
      objectReference: {fileID: 1940799245}
    - target: {fileID: 8370821800613100340, guid: d5626ad612da38d48a1ccb878b2fed6d,
        type: 3}
      propertyPath: middleText
      value: 
      objectReference: {fileID: 533635210}
    - target: {fileID: 8370821800613100340, guid: d5626ad612da38d48a1ccb878b2fed6d,
        type: 3}
      propertyPath: backPanel
      value: 
      objectReference: {fileID: 2099354209}
    - target: {fileID: 8370821800613100340, guid: d5626ad612da38d48a1ccb878b2fed6d,
        type: 3}
      propertyPath: nextTreeButton
      value: 
      objectReference: {fileID: 1573686060}
    - target: {fileID: 8370821800613100340, guid: d5626ad612da38d48a1ccb878b2fed6d,
        type: 3}
      propertyPath: NpcID
      value: 
      objectReference: {fileID: 522041205}
    - target: {fileID: 8370821800613100340, guid: d5626ad612da38d48a1ccb878b2fed6d,
        type: 3}
      propertyPath: expiredText
      value: 
      objectReference: {fileID: 292100983}
    - target: {fileID: 8370821800613100340, guid: d5626ad612da38d48a1ccb878b2fed6d,
        type: 3}
      propertyPath: exampleLicence
      value: 
      objectReference: {fileID: 292100983}
    - target: {fileID: 8370821800613100340, guid: d5626ad612da38d48a1ccb878b2fed6d,
        type: 3}
      propertyPath: exampleBag
      value: 
      objectReference: {fileID: 292100983}
    - target: {fileID: 8370821800613100340, guid: d5626ad612da38d48a1ccb878b2fed6d,
        type: 3}
      propertyPath: exampleInfoBook
      value: 
      objectReference: {fileID: 292100983}
    - target: {fileID: 8370821800613100340, guid: d5626ad612da38d48a1ccb878b2fed6d,
        type: 3}
      propertyPath: exampleOpenBook
      value: 
      objectReference: {fileID: 292100983}
    - target: {fileID: 8370821800613100340, guid: d5626ad612da38d48a1ccb878b2fed6d,
        type: 3}
      propertyPath: examination
      value: 
      objectReference: {fileID: 133752555}
    - target: {fileID: 8370821800613100340, guid: d5626ad612da38d48a1ccb878b2fed6d,
        type: 3}
      propertyPath: itemName
      value: 
      objectReference: {fileID: 292100983}
    - target: {fileID: 8370821800613100340, guid: d5626ad612da38d48a1ccb878b2fed6d,
        type: 3}
      propertyPath: itemDialogueBox
      value: 
      objectReference: {fileID: 292100983}
    - target: {fileID: 8370821800613100340, guid: d5626ad612da38d48a1ccb878b2fed6d,
        type: 3}
      propertyPath: buttonForDialogueBox
      value: 
      objectReference: {fileID: 292100983}
    - target: {fileID: 8370821800613100341, guid: d5626ad612da38d48a1ccb878b2fed6d,
        type: 3}
      propertyPath: m_Name
      value: dialogueCanvas
      objectReference: {fileID: 0}
    m_RemovedComponents: []
  m_SourcePrefab: {fileID: 100100000, guid: d5626ad612da38d48a1ccb878b2fed6d, type: 3}
--- !u!1 &1275757997
GameObject:
  m_ObjectHideFlags: 0
  m_CorrespondingSourceObject: {fileID: 0}
  m_PrefabInstance: {fileID: 0}
  m_PrefabAsset: {fileID: 0}
  serializedVersion: 6
  m_Component:
  - component: {fileID: 1275757998}
  - component: {fileID: 1275758000}
  - component: {fileID: 1275757999}
  m_Layer: 5
  m_Name: ExpiryDatePanel
  m_TagString: Untagged
  m_Icon: {fileID: 0}
  m_NavMeshLayer: 0
  m_StaticEditorFlags: 0
  m_IsActive: 1
--- !u!224 &1275757998
RectTransform:
  m_ObjectHideFlags: 0
  m_CorrespondingSourceObject: {fileID: 0}
  m_PrefabInstance: {fileID: 0}
  m_PrefabAsset: {fileID: 0}
  m_GameObject: {fileID: 1275757997}
  m_LocalRotation: {x: 0, y: 0, z: 0, w: 1}
  m_LocalPosition: {x: 0, y: 0, z: 0}
  m_LocalScale: {x: 1, y: 1, z: 1}
  m_Children:
  - {fileID: 548077469}
  m_Father: {fileID: 2076617175}
  m_RootOrder: 0
  m_LocalEulerAnglesHint: {x: 0, y: 0, z: 0}
  m_AnchorMin: {x: 0, y: 0}
  m_AnchorMax: {x: 1, y: 1}
  m_AnchoredPosition: {x: 299.1, y: 12}
  m_SizeDelta: {x: -1047.9, y: -518.2}
  m_Pivot: {x: 0.5, y: 0.5}
--- !u!114 &1275757999
MonoBehaviour:
  m_ObjectHideFlags: 0
  m_CorrespondingSourceObject: {fileID: 0}
  m_PrefabInstance: {fileID: 0}
  m_PrefabAsset: {fileID: 0}
  m_GameObject: {fileID: 1275757997}
  m_Enabled: 1
  m_EditorHideFlags: 0
  m_Script: {fileID: 11500000, guid: fe87c0e1cc204ed48ad3b37840f39efc, type: 3}
  m_Name: 
  m_EditorClassIdentifier: 
  m_Material: {fileID: 0}
  m_Color: {r: 0, g: 0.6806977, b: 1, a: 1}
  m_RaycastTarget: 1
  m_OnCullStateChanged:
    m_PersistentCalls:
      m_Calls: []
  m_Sprite: {fileID: 10907, guid: 0000000000000000f000000000000000, type: 0}
  m_Type: 1
  m_PreserveAspect: 0
  m_FillCenter: 1
  m_FillMethod: 4
  m_FillAmount: 1
  m_FillClockwise: 1
  m_FillOrigin: 0
  m_UseSpriteMesh: 0
  m_PixelsPerUnitMultiplier: 1
--- !u!222 &1275758000
CanvasRenderer:
  m_ObjectHideFlags: 0
  m_CorrespondingSourceObject: {fileID: 0}
  m_PrefabInstance: {fileID: 0}
  m_PrefabAsset: {fileID: 0}
  m_GameObject: {fileID: 1275757997}
  m_CullTransparentMesh: 0
--- !u!1001 &1365632714
PrefabInstance:
  m_ObjectHideFlags: 0
  serializedVersion: 2
  m_Modification:
    m_TransformParent: {fileID: 0}
    m_Modifications:
    - target: {fileID: 4795075064429498220, guid: 410dd90b30474734d971bace374268b2,
        type: 3}
      propertyPath: m_LocalPosition.x
      value: 574.688
      objectReference: {fileID: 0}
    - target: {fileID: 4795075064429498220, guid: 410dd90b30474734d971bace374268b2,
        type: 3}
      propertyPath: m_LocalPosition.y
      value: 256
      objectReference: {fileID: 0}
    - target: {fileID: 4795075064429498220, guid: 410dd90b30474734d971bace374268b2,
        type: 3}
      propertyPath: m_LocalPosition.z
      value: -292.639
      objectReference: {fileID: 0}
    - target: {fileID: 4795075064429498220, guid: 410dd90b30474734d971bace374268b2,
        type: 3}
      propertyPath: m_LocalRotation.x
      value: 0
      objectReference: {fileID: 0}
    - target: {fileID: 4795075064429498220, guid: 410dd90b30474734d971bace374268b2,
        type: 3}
      propertyPath: m_LocalRotation.y
      value: 0
      objectReference: {fileID: 0}
    - target: {fileID: 4795075064429498220, guid: 410dd90b30474734d971bace374268b2,
        type: 3}
      propertyPath: m_LocalRotation.z
      value: 0
      objectReference: {fileID: 0}
    - target: {fileID: 4795075064429498220, guid: 410dd90b30474734d971bace374268b2,
        type: 3}
      propertyPath: m_LocalRotation.w
      value: 1
      objectReference: {fileID: 0}
    - target: {fileID: 4795075064429498220, guid: 410dd90b30474734d971bace374268b2,
        type: 3}
      propertyPath: m_RootOrder
      value: 5
      objectReference: {fileID: 0}
    - target: {fileID: 4795075064429498220, guid: 410dd90b30474734d971bace374268b2,
        type: 3}
      propertyPath: m_LocalEulerAnglesHint.x
      value: 0
      objectReference: {fileID: 0}
    - target: {fileID: 4795075064429498220, guid: 410dd90b30474734d971bace374268b2,
        type: 3}
      propertyPath: m_LocalEulerAnglesHint.y
      value: 0
      objectReference: {fileID: 0}
    - target: {fileID: 4795075064429498220, guid: 410dd90b30474734d971bace374268b2,
        type: 3}
      propertyPath: m_LocalEulerAnglesHint.z
      value: 0
      objectReference: {fileID: 0}
    - target: {fileID: 4795075064429498222, guid: 410dd90b30474734d971bace374268b2,
        type: 3}
      propertyPath: m_Name
      value: NPCID
      objectReference: {fileID: 0}
    - target: {fileID: 4795075064429498222, guid: 410dd90b30474734d971bace374268b2,
        type: 3}
      propertyPath: m_IsActive
      value: 1
      objectReference: {fileID: 0}
    m_RemovedComponents: []
  m_SourcePrefab: {fileID: 100100000, guid: 410dd90b30474734d971bace374268b2, type: 3}
--- !u!1 &1410133589
GameObject:
  m_ObjectHideFlags: 0
  m_CorrespondingSourceObject: {fileID: 0}
  m_PrefabInstance: {fileID: 0}
  m_PrefabAsset: {fileID: 0}
  serializedVersion: 6
  m_Component:
  - component: {fileID: 1410133590}
  - component: {fileID: 1410133591}
  m_Layer: 0
  m_Name: TagForExpiryDate
  m_TagString: Untagged
  m_Icon: {fileID: 0}
  m_NavMeshLayer: 0
  m_StaticEditorFlags: 0
  m_IsActive: 1
--- !u!4 &1410133590
Transform:
  m_ObjectHideFlags: 0
  m_CorrespondingSourceObject: {fileID: 0}
  m_PrefabInstance: {fileID: 0}
  m_PrefabAsset: {fileID: 0}
  m_GameObject: {fileID: 1410133589}
  m_LocalRotation: {x: 0, y: 0, z: 0, w: 1}
  m_LocalPosition: {x: 0, y: 0, z: 0}
  m_LocalScale: {x: 1, y: 1, z: 1}
  m_Children: []
  m_Father: {fileID: 984303556}
  m_RootOrder: 5
  m_LocalEulerAnglesHint: {x: 0, y: 0, z: 0}
--- !u!114 &1410133591
MonoBehaviour:
  m_ObjectHideFlags: 0
  m_CorrespondingSourceObject: {fileID: 0}
  m_PrefabInstance: {fileID: 0}
  m_PrefabAsset: {fileID: 0}
  m_GameObject: {fileID: 1410133589}
  m_Enabled: 1
  m_EditorHideFlags: 0
  m_Script: {fileID: 11500000, guid: 244751ee378012f4aad9661f4032f09e, type: 3}
  m_Name: 
  m_EditorClassIdentifier: 
  expiredLicence: {fileID: 1275757997}
--- !u!1001 &1520335160
PrefabInstance:
  m_ObjectHideFlags: 0
  serializedVersion: 2
  m_Modification:
    m_TransformParent: {fileID: 0}
    m_Modifications:
    - target: {fileID: 1110298917634181335, guid: 626458883971ca54c945cd5cbbb6ddfe,
        type: 3}
      propertyPath: book
      value: 
      objectReference: {fileID: 0}
    - target: {fileID: 1110298917634181335, guid: 626458883971ca54c945cd5cbbb6ddfe,
        type: 3}
      propertyPath: lastFirstPage
      value: 
      objectReference: {fileID: 0}
    - target: {fileID: 1110298917634181335, guid: 626458883971ca54c945cd5cbbb6ddfe,
        type: 3}
      propertyPath: lastSecondPage
      value: 
      objectReference: {fileID: 0}
    - target: {fileID: 1110298917634181335, guid: 626458883971ca54c945cd5cbbb6ddfe,
        type: 3}
      propertyPath: nextFirstPage
      value: 
      objectReference: {fileID: 292100983}
    - target: {fileID: 1110298917634181335, guid: 626458883971ca54c945cd5cbbb6ddfe,
        type: 3}
      propertyPath: nextSecondPage
      value: 
      objectReference: {fileID: 292100983}
    - target: {fileID: 1110298917634181335, guid: 626458883971ca54c945cd5cbbb6ddfe,
        type: 3}
      propertyPath: backButton
      value: 
      objectReference: {fileID: 0}
    - target: {fileID: 1110298917634181335, guid: 626458883971ca54c945cd5cbbb6ddfe,
        type: 3}
      propertyPath: nextButton
      value: 
      objectReference: {fileID: 292100983}
    - target: {fileID: 1110298918300346354, guid: 626458883971ca54c945cd5cbbb6ddfe,
        type: 3}
      propertyPath: m_Name
      value: TheBook
      objectReference: {fileID: 0}
    - target: {fileID: 1110298918300346354, guid: 626458883971ca54c945cd5cbbb6ddfe,
        type: 3}
      propertyPath: m_IsActive
      value: 0
      objectReference: {fileID: 0}
    - target: {fileID: 1110298918300346357, guid: 626458883971ca54c945cd5cbbb6ddfe,
        type: 3}
      propertyPath: m_LocalPosition.x
      value: 538.73224
      objectReference: {fileID: 0}
    - target: {fileID: 1110298918300346357, guid: 626458883971ca54c945cd5cbbb6ddfe,
        type: 3}
      propertyPath: m_LocalPosition.y
      value: 278.89603
      objectReference: {fileID: 0}
    - target: {fileID: 1110298918300346357, guid: 626458883971ca54c945cd5cbbb6ddfe,
        type: 3}
      propertyPath: m_LocalPosition.z
      value: -143.375
      objectReference: {fileID: 0}
    - target: {fileID: 1110298918300346357, guid: 626458883971ca54c945cd5cbbb6ddfe,
        type: 3}
      propertyPath: m_LocalRotation.x
      value: 0
      objectReference: {fileID: 0}
    - target: {fileID: 1110298918300346357, guid: 626458883971ca54c945cd5cbbb6ddfe,
        type: 3}
      propertyPath: m_LocalRotation.y
      value: 0
      objectReference: {fileID: 0}
    - target: {fileID: 1110298918300346357, guid: 626458883971ca54c945cd5cbbb6ddfe,
        type: 3}
      propertyPath: m_LocalRotation.z
      value: 0
      objectReference: {fileID: 0}
    - target: {fileID: 1110298918300346357, guid: 626458883971ca54c945cd5cbbb6ddfe,
        type: 3}
      propertyPath: m_LocalRotation.w
      value: 1
      objectReference: {fileID: 0}
    - target: {fileID: 1110298918300346357, guid: 626458883971ca54c945cd5cbbb6ddfe,
        type: 3}
      propertyPath: m_RootOrder
      value: 4
      objectReference: {fileID: 0}
    - target: {fileID: 1110298918300346357, guid: 626458883971ca54c945cd5cbbb6ddfe,
        type: 3}
      propertyPath: m_LocalEulerAnglesHint.x
      value: 0
      objectReference: {fileID: 0}
    - target: {fileID: 1110298918300346357, guid: 626458883971ca54c945cd5cbbb6ddfe,
        type: 3}
      propertyPath: m_LocalEulerAnglesHint.y
      value: 0
      objectReference: {fileID: 0}
    - target: {fileID: 1110298918300346357, guid: 626458883971ca54c945cd5cbbb6ddfe,
        type: 3}
      propertyPath: m_LocalEulerAnglesHint.z
      value: 0
      objectReference: {fileID: 0}
    - target: {fileID: 1110298918608694711, guid: 626458883971ca54c945cd5cbbb6ddfe,
        type: 3}
      propertyPath: Book
      value: 
      objectReference: {fileID: 0}
    - target: {fileID: 1110298918608694711, guid: 626458883971ca54c945cd5cbbb6ddfe,
        type: 3}
      propertyPath: OpenBookButton
      value: 
      objectReference: {fileID: 0}
    - target: {fileID: 1110298918608694711, guid: 626458883971ca54c945cd5cbbb6ddfe,
        type: 3}
      propertyPath: infoBook
      value: 
      objectReference: {fileID: 0}
    - target: {fileID: 1110298918608694711, guid: 626458883971ca54c945cd5cbbb6ddfe,
        type: 3}
      propertyPath: closeButton
      value: 
      objectReference: {fileID: 0}
    - target: {fileID: 1110298919056234221, guid: 626458883971ca54c945cd5cbbb6ddfe,
        type: 3}
      propertyPath: book
      value: 
      objectReference: {fileID: 0}
    - target: {fileID: 1110298919056234221, guid: 626458883971ca54c945cd5cbbb6ddfe,
        type: 3}
      propertyPath: lastFirstPage
      value: 
      objectReference: {fileID: 0}
    - target: {fileID: 1110298919056234221, guid: 626458883971ca54c945cd5cbbb6ddfe,
        type: 3}
      propertyPath: lastSecondPage
      value: 
      objectReference: {fileID: 0}
    - target: {fileID: 1110298919056234221, guid: 626458883971ca54c945cd5cbbb6ddfe,
        type: 3}
      propertyPath: nextFirstPage
      value: 
      objectReference: {fileID: 0}
    - target: {fileID: 1110298919056234221, guid: 626458883971ca54c945cd5cbbb6ddfe,
        type: 3}
      propertyPath: nextSecondPage
      value: 
      objectReference: {fileID: 0}
    - target: {fileID: 1110298919056234221, guid: 626458883971ca54c945cd5cbbb6ddfe,
        type: 3}
      propertyPath: backButton
      value: 
      objectReference: {fileID: 0}
    - target: {fileID: 1110298919056234221, guid: 626458883971ca54c945cd5cbbb6ddfe,
        type: 3}
      propertyPath: nextButton
      value: 
      objectReference: {fileID: 0}
    - target: {fileID: 1110298919097637226, guid: 626458883971ca54c945cd5cbbb6ddfe,
        type: 3}
      propertyPath: book
      value: 
      objectReference: {fileID: 0}
    - target: {fileID: 1110298919097637226, guid: 626458883971ca54c945cd5cbbb6ddfe,
        type: 3}
      propertyPath: lastFirstPage
      value: 
      objectReference: {fileID: 0}
    - target: {fileID: 1110298919097637226, guid: 626458883971ca54c945cd5cbbb6ddfe,
        type: 3}
      propertyPath: lastSecondPage
      value: 
      objectReference: {fileID: 0}
    - target: {fileID: 1110298919097637226, guid: 626458883971ca54c945cd5cbbb6ddfe,
        type: 3}
      propertyPath: nextFirstPage
      value: 
      objectReference: {fileID: 0}
    - target: {fileID: 1110298919097637226, guid: 626458883971ca54c945cd5cbbb6ddfe,
        type: 3}
      propertyPath: nextSecondPage
      value: 
      objectReference: {fileID: 0}
    - target: {fileID: 1110298919097637226, guid: 626458883971ca54c945cd5cbbb6ddfe,
        type: 3}
      propertyPath: nextButton
      value: 
      objectReference: {fileID: 0}
    - target: {fileID: 1110298919097637226, guid: 626458883971ca54c945cd5cbbb6ddfe,
        type: 3}
      propertyPath: backButton
      value: 
      objectReference: {fileID: 0}
    m_RemovedComponents: []
  m_SourcePrefab: {fileID: 100100000, guid: 626458883971ca54c945cd5cbbb6ddfe, type: 3}
--- !u!114 &1520335161 stripped
MonoBehaviour:
  m_CorrespondingSourceObject: {fileID: 1110298919056234221, guid: 626458883971ca54c945cd5cbbb6ddfe,
    type: 3}
  m_PrefabInstance: {fileID: 1520335160}
  m_PrefabAsset: {fileID: 0}
  m_GameObject: {fileID: 0}
  m_Enabled: 1
  m_EditorHideFlags: 0
  m_Script: {fileID: 11500000, guid: c8a2ae2d76f4c8640b65a6bf46496d45, type: 3}
  m_Name: 
  m_EditorClassIdentifier: 
--- !u!114 &1520335162 stripped
MonoBehaviour:
  m_CorrespondingSourceObject: {fileID: 1110298917634181335, guid: 626458883971ca54c945cd5cbbb6ddfe,
    type: 3}
  m_PrefabInstance: {fileID: 1520335160}
  m_PrefabAsset: {fileID: 0}
  m_GameObject: {fileID: 0}
  m_Enabled: 1
  m_EditorHideFlags: 0
  m_Script: {fileID: 11500000, guid: c8a2ae2d76f4c8640b65a6bf46496d45, type: 3}
  m_Name: 
  m_EditorClassIdentifier: 
--- !u!114 &1520335163 stripped
MonoBehaviour:
  m_CorrespondingSourceObject: {fileID: 1110298919097637226, guid: 626458883971ca54c945cd5cbbb6ddfe,
    type: 3}
  m_PrefabInstance: {fileID: 1520335160}
  m_PrefabAsset: {fileID: 0}
  m_GameObject: {fileID: 0}
  m_Enabled: 1
  m_EditorHideFlags: 0
  m_Script: {fileID: 11500000, guid: c8a2ae2d76f4c8640b65a6bf46496d45, type: 3}
  m_Name: 
  m_EditorClassIdentifier: 
--- !u!1 &1521665253
GameObject:
  m_ObjectHideFlags: 0
  m_CorrespondingSourceObject: {fileID: 0}
  m_PrefabInstance: {fileID: 0}
  m_PrefabAsset: {fileID: 0}
  serializedVersion: 6
  m_Component:
  - component: {fileID: 1521665254}
  - component: {fileID: 1521665256}
  - component: {fileID: 1521665255}
  m_Layer: 5
  m_Name: LicenceTagText
  m_TagString: Untagged
  m_Icon: {fileID: 0}
  m_NavMeshLayer: 0
  m_StaticEditorFlags: 0
  m_IsActive: 1
--- !u!224 &1521665254
RectTransform:
  m_ObjectHideFlags: 0
  m_CorrespondingSourceObject: {fileID: 0}
  m_PrefabInstance: {fileID: 0}
  m_PrefabAsset: {fileID: 0}
  m_GameObject: {fileID: 1521665253}
  m_LocalRotation: {x: 0, y: 0, z: 0, w: 1}
  m_LocalPosition: {x: 0, y: 0, z: 0}
  m_LocalScale: {x: 1, y: 1, z: 1}
  m_Children: []
  m_Father: {fileID: 1766721069}
  m_RootOrder: 0
  m_LocalEulerAnglesHint: {x: 0, y: 0, z: 0}
  m_AnchorMin: {x: 0, y: 0}
  m_AnchorMax: {x: 1, y: 1}
  m_AnchoredPosition: {x: 0, y: 0}
  m_SizeDelta: {x: 0, y: 0}
  m_Pivot: {x: 0.5, y: 0.5}
--- !u!114 &1521665255
MonoBehaviour:
  m_ObjectHideFlags: 0
  m_CorrespondingSourceObject: {fileID: 0}
  m_PrefabInstance: {fileID: 0}
  m_PrefabAsset: {fileID: 0}
  m_GameObject: {fileID: 1521665253}
  m_Enabled: 1
  m_EditorHideFlags: 0
  m_Script: {fileID: 11500000, guid: 5f7201a12d95ffc409449d95f23cf332, type: 3}
  m_Name: 
  m_EditorClassIdentifier: 
  m_Material: {fileID: 0}
  m_Color: {r: 0, g: 0, b: 0, a: 1}
  m_RaycastTarget: 1
  m_OnCullStateChanged:
    m_PersistentCalls:
      m_Calls: []
  m_FontData:
    m_Font: {fileID: 10102, guid: 0000000000000000e000000000000000, type: 0}
    m_FontSize: 14
    m_FontStyle: 0
    m_BestFit: 1
    m_MinSize: 10
    m_MaxSize: 40
    m_Alignment: 1
    m_AlignByGeometry: 0
    m_RichText: 1
    m_HorizontalOverflow: 0
    m_VerticalOverflow: 0
    m_LineSpacing: 1
  m_Text: This licence number looks accurate. Nothing out of the ordinary.
--- !u!222 &1521665256
CanvasRenderer:
  m_ObjectHideFlags: 0
  m_CorrespondingSourceObject: {fileID: 0}
  m_PrefabInstance: {fileID: 0}
  m_PrefabAsset: {fileID: 0}
  m_GameObject: {fileID: 1521665253}
  m_CullTransparentMesh: 0
--- !u!1 &1573686060 stripped
GameObject:
  m_CorrespondingSourceObject: {fileID: 6404542147711361152, guid: 917ac82b2ab137f4381a3d8b25ac31ff,
    type: 3}
  m_PrefabInstance: {fileID: 262227422}
  m_PrefabAsset: {fileID: 0}
--- !u!1 &1659346588
GameObject:
  m_ObjectHideFlags: 0
  m_CorrespondingSourceObject: {fileID: 0}
  m_PrefabInstance: {fileID: 0}
  m_PrefabAsset: {fileID: 0}
  serializedVersion: 6
  m_Component:
  - component: {fileID: 1659346589}
  - component: {fileID: 1659346591}
  - component: {fileID: 1659346590}
  m_Layer: 5
  m_Name: AddressTagText
  m_TagString: Untagged
  m_Icon: {fileID: 0}
  m_NavMeshLayer: 0
  m_StaticEditorFlags: 0
  m_IsActive: 1
--- !u!224 &1659346589
RectTransform:
  m_ObjectHideFlags: 0
  m_CorrespondingSourceObject: {fileID: 0}
  m_PrefabInstance: {fileID: 0}
  m_PrefabAsset: {fileID: 0}
  m_GameObject: {fileID: 1659346588}
  m_LocalRotation: {x: 0, y: 0, z: 0, w: 1}
  m_LocalPosition: {x: 0, y: 0, z: 0}
  m_LocalScale: {x: 1, y: 1, z: 1}
  m_Children: []
  m_Father: {fileID: 1019720805}
  m_RootOrder: 0
  m_LocalEulerAnglesHint: {x: 0, y: 0, z: 0}
  m_AnchorMin: {x: 0, y: 0}
  m_AnchorMax: {x: 1, y: 1}
  m_AnchoredPosition: {x: 0, y: 0}
  m_SizeDelta: {x: 0, y: 0}
  m_Pivot: {x: 0.5, y: 0.5}
--- !u!114 &1659346590
MonoBehaviour:
  m_ObjectHideFlags: 0
  m_CorrespondingSourceObject: {fileID: 0}
  m_PrefabInstance: {fileID: 0}
  m_PrefabAsset: {fileID: 0}
  m_GameObject: {fileID: 1659346588}
  m_Enabled: 1
  m_EditorHideFlags: 0
  m_Script: {fileID: 11500000, guid: 5f7201a12d95ffc409449d95f23cf332, type: 3}
  m_Name: 
  m_EditorClassIdentifier: 
  m_Material: {fileID: 0}
  m_Color: {r: 0, g: 0, b: 0, a: 1}
  m_RaycastTarget: 1
  m_OnCullStateChanged:
    m_PersistentCalls:
      m_Calls: []
  m_FontData:
    m_Font: {fileID: 10102, guid: 0000000000000000e000000000000000, type: 0}
    m_FontSize: 14
    m_FontStyle: 0
    m_BestFit: 1
    m_MinSize: 10
    m_MaxSize: 40
    m_Alignment: 1
    m_AlignByGeometry: 0
    m_RichText: 1
    m_HorizontalOverflow: 0
    m_VerticalOverflow: 0
    m_LineSpacing: 1
  m_Text: Address seems legitimate and not in anyway fake.
--- !u!222 &1659346591
CanvasRenderer:
  m_ObjectHideFlags: 0
  m_CorrespondingSourceObject: {fileID: 0}
  m_PrefabInstance: {fileID: 0}
  m_PrefabAsset: {fileID: 0}
  m_GameObject: {fileID: 1659346588}
  m_CullTransparentMesh: 0
--- !u!1 &1766721068
GameObject:
  m_ObjectHideFlags: 0
  m_CorrespondingSourceObject: {fileID: 0}
  m_PrefabInstance: {fileID: 0}
  m_PrefabAsset: {fileID: 0}
  serializedVersion: 6
  m_Component:
  - component: {fileID: 1766721069}
  - component: {fileID: 1766721071}
  - component: {fileID: 1766721070}
  m_Layer: 5
  m_Name: LicenceTag
  m_TagString: Untagged
  m_Icon: {fileID: 0}
  m_NavMeshLayer: 0
  m_StaticEditorFlags: 0
  m_IsActive: 1
--- !u!224 &1766721069
RectTransform:
  m_ObjectHideFlags: 0
  m_CorrespondingSourceObject: {fileID: 0}
  m_PrefabInstance: {fileID: 0}
  m_PrefabAsset: {fileID: 0}
  m_GameObject: {fileID: 1766721068}
  m_LocalRotation: {x: -0, y: -0, z: -0, w: 1}
  m_LocalPosition: {x: 0, y: 0, z: 0}
  m_LocalScale: {x: 1, y: 1, z: 1}
  m_Children:
  - {fileID: 1521665254}
  m_Father: {fileID: 2076617175}
  m_RootOrder: 5
  m_LocalEulerAnglesHint: {x: 0, y: 0, z: 0}
  m_AnchorMin: {x: 0, y: 0}
  m_AnchorMax: {x: 1, y: 1}
  m_AnchoredPosition: {x: -299, y: 9}
  m_SizeDelta: {x: -1052.8, y: -525.5}
  m_Pivot: {x: 0.5, y: 0.5}
--- !u!114 &1766721070
MonoBehaviour:
  m_ObjectHideFlags: 0
  m_CorrespondingSourceObject: {fileID: 0}
  m_PrefabInstance: {fileID: 0}
  m_PrefabAsset: {fileID: 0}
  m_GameObject: {fileID: 1766721068}
  m_Enabled: 1
  m_EditorHideFlags: 0
  m_Script: {fileID: 11500000, guid: fe87c0e1cc204ed48ad3b37840f39efc, type: 3}
  m_Name: 
  m_EditorClassIdentifier: 
  m_Material: {fileID: 0}
  m_Color: {r: 0, g: 0.6806977, b: 1, a: 1}
  m_RaycastTarget: 1
  m_OnCullStateChanged:
    m_PersistentCalls:
      m_Calls: []
  m_Sprite: {fileID: 10907, guid: 0000000000000000f000000000000000, type: 0}
  m_Type: 1
  m_PreserveAspect: 0
  m_FillCenter: 1
  m_FillMethod: 4
  m_FillAmount: 1
  m_FillClockwise: 1
  m_FillOrigin: 0
  m_UseSpriteMesh: 0
  m_PixelsPerUnitMultiplier: 1
--- !u!222 &1766721071
CanvasRenderer:
  m_ObjectHideFlags: 0
  m_CorrespondingSourceObject: {fileID: 0}
  m_PrefabInstance: {fileID: 0}
  m_PrefabAsset: {fileID: 0}
  m_GameObject: {fileID: 1766721068}
  m_CullTransparentMesh: 0
--- !u!114 &1940799245 stripped
MonoBehaviour:
  m_CorrespondingSourceObject: {fileID: 6404542148989057208, guid: 917ac82b2ab137f4381a3d8b25ac31ff,
    type: 3}
  m_PrefabInstance: {fileID: 262227422}
  m_PrefabAsset: {fileID: 0}
  m_GameObject: {fileID: 0}
  m_Enabled: 1
  m_EditorHideFlags: 0
  m_Script: {fileID: 11500000, guid: 5f7201a12d95ffc409449d95f23cf332, type: 3}
  m_Name: 
  m_EditorClassIdentifier: 
--- !u!1 &2076617174
GameObject:
  m_ObjectHideFlags: 0
  m_CorrespondingSourceObject: {fileID: 0}
  m_PrefabInstance: {fileID: 0}
  m_PrefabAsset: {fileID: 0}
  serializedVersion: 6
  m_Component:
  - component: {fileID: 2076617175}
  - component: {fileID: 2076617178}
  - component: {fileID: 2076617177}
  - component: {fileID: 2076617176}
  m_Layer: 5
  m_Name: Canvas
  m_TagString: Untagged
  m_Icon: {fileID: 0}
  m_NavMeshLayer: 0
  m_StaticEditorFlags: 0
  m_IsActive: 1
--- !u!224 &2076617175
RectTransform:
  m_ObjectHideFlags: 0
  m_CorrespondingSourceObject: {fileID: 0}
  m_PrefabInstance: {fileID: 0}
  m_PrefabAsset: {fileID: 0}
  m_GameObject: {fileID: 2076617174}
  m_LocalRotation: {x: 0, y: 0, z: 0, w: 1}
  m_LocalPosition: {x: 0, y: 0, z: 0}
  m_LocalScale: {x: 0, y: 0, z: 0}
  m_Children:
  - {fileID: 1275757998}
  - {fileID: 398699823}
  - {fileID: 166872815}
  - {fileID: 316669332}
  - {fileID: 1019720805}
  - {fileID: 1766721069}
  m_Father: {fileID: 989427756}
  m_RootOrder: 0
  m_LocalEulerAnglesHint: {x: 0, y: 0, z: 0}
  m_AnchorMin: {x: 0, y: 0}
  m_AnchorMax: {x: 0, y: 0}
  m_AnchoredPosition: {x: 0, y: 0}
  m_SizeDelta: {x: 0, y: 0}
  m_Pivot: {x: 0, y: 0}
--- !u!114 &2076617176
MonoBehaviour:
  m_ObjectHideFlags: 0
  m_CorrespondingSourceObject: {fileID: 0}
  m_PrefabInstance: {fileID: 0}
  m_PrefabAsset: {fileID: 0}
  m_GameObject: {fileID: 2076617174}
  m_Enabled: 1
  m_EditorHideFlags: 0
  m_Script: {fileID: 11500000, guid: dc42784cf147c0c48a680349fa168899, type: 3}
  m_Name: 
  m_EditorClassIdentifier: 
  m_IgnoreReversedGraphics: 1
  m_BlockingObjects: 0
  m_BlockingMask:
    serializedVersion: 2
    m_Bits: 4294967295
--- !u!114 &2076617177
MonoBehaviour:
  m_ObjectHideFlags: 0
  m_CorrespondingSourceObject: {fileID: 0}
  m_PrefabInstance: {fileID: 0}
  m_PrefabAsset: {fileID: 0}
  m_GameObject: {fileID: 2076617174}
  m_Enabled: 1
  m_EditorHideFlags: 0
  m_Script: {fileID: 11500000, guid: 0cd44c1031e13a943bb63640046fad76, type: 3}
  m_Name: 
  m_EditorClassIdentifier: 
  m_UiScaleMode: 0
  m_ReferencePixelsPerUnit: 100
  m_ScaleFactor: 1
  m_ReferenceResolution: {x: 800, y: 600}
  m_ScreenMatchMode: 0
  m_MatchWidthOrHeight: 0
  m_PhysicalUnit: 3
  m_FallbackScreenDPI: 96
  m_DefaultSpriteDPI: 96
  m_DynamicPixelsPerUnit: 1
--- !u!223 &2076617178
Canvas:
  m_ObjectHideFlags: 0
  m_CorrespondingSourceObject: {fileID: 0}
  m_PrefabInstance: {fileID: 0}
  m_PrefabAsset: {fileID: 0}
  m_GameObject: {fileID: 2076617174}
  m_Enabled: 1
  serializedVersion: 3
  m_RenderMode: 0
  m_Camera: {fileID: 0}
  m_PlaneDistance: 100
  m_PixelPerfect: 0
  m_ReceivesEvents: 1
  m_OverrideSorting: 0
  m_OverridePixelPerfect: 0
  m_SortingBucketNormalizedSize: 0
  m_AdditionalShaderChannelsFlag: 0
  m_SortingLayerID: 0
  m_SortingOrder: 0
  m_TargetDisplay: 0
--- !u!1 &2099354209 stripped
GameObject:
  m_CorrespondingSourceObject: {fileID: 6404542147608298228, guid: 917ac82b2ab137f4381a3d8b25ac31ff,
    type: 3}
  m_PrefabInstance: {fileID: 262227422}
  m_PrefabAsset: {fileID: 0}
